%YAML 1.1
%TAG !u! tag:unity3d.com,2011:
--- !u!1 &143698
GameObject:
  m_ObjectHideFlags: 0
  m_PrefabParentObject: {fileID: 0}
  m_PrefabInternal: {fileID: 100100000}
  serializedVersion: 4
  m_Component:
  - 4: {fileID: 479776}
  - 33: {fileID: 3386588}
  - 23: {fileID: 2316142}
  - 54: {fileID: 5429722}
  - 64: {fileID: 6423354}
  - 114: {fileID: 11412922}
  m_Layer: 0
  m_Name: CL3wedge3
  m_TagString: Untagged
  m_Icon: {fileID: 0}
  m_NavMeshLayer: 0
  m_StaticEditorFlags: 0
  m_IsActive: 1
--- !u!1 &151274
GameObject:
  m_ObjectHideFlags: 0
  m_PrefabParentObject: {fileID: 0}
  m_PrefabInternal: {fileID: 100100000}
  serializedVersion: 4
  m_Component:
  - 4: {fileID: 428880}
  m_Layer: 0
  m_Name: centerFractureLeg3
  m_TagString: Untagged
  m_Icon: {fileID: 0}
  m_NavMeshLayer: 0
  m_StaticEditorFlags: 0
  m_IsActive: 1
--- !u!1 &155342
GameObject:
  m_ObjectHideFlags: 0
  m_PrefabParentObject: {fileID: 0}
  m_PrefabInternal: {fileID: 100100000}
  serializedVersion: 4
  m_Component:
  - 4: {fileID: 419808}
  - 33: {fileID: 3385534}
  - 23: {fileID: 2372070}
  - 64: {fileID: 6414820}
  - 54: {fileID: 5412438}
  - 114: {fileID: 11478768}
  m_Layer: 0
  m_Name: CL3cube
  m_TagString: Untagged
  m_Icon: {fileID: 0}
  m_NavMeshLayer: 0
  m_StaticEditorFlags: 0
  m_IsActive: 1
--- !u!1 &171924
GameObject:
  m_ObjectHideFlags: 0
  m_PrefabParentObject: {fileID: 0}
  m_PrefabInternal: {fileID: 100100000}
  serializedVersion: 4
  m_Component:
  - 4: {fileID: 432708}
  - 33: {fileID: 3325642}
  - 23: {fileID: 2362530}
  - 64: {fileID: 6472612}
  - 54: {fileID: 5421466}
  - 114: {fileID: 11452598}
  m_Layer: 0
  m_Name: CL3angle2
  m_TagString: Untagged
  m_Icon: {fileID: 0}
  m_NavMeshLayer: 0
  m_StaticEditorFlags: 0
  m_IsActive: 1
--- !u!1 &175608
GameObject:
  m_ObjectHideFlags: 0
  m_PrefabParentObject: {fileID: 0}
  m_PrefabInternal: {fileID: 100100000}
  serializedVersion: 4
  m_Component:
  - 4: {fileID: 451620}
  - 33: {fileID: 3358452}
  - 23: {fileID: 2380104}
  - 64: {fileID: 6471290}
  - 54: {fileID: 5496638}
  - 114: {fileID: 11469902}
  m_Layer: 0
  m_Name: CL3angle1
  m_TagString: Untagged
  m_Icon: {fileID: 0}
  m_NavMeshLayer: 0
  m_StaticEditorFlags: 0
  m_IsActive: 1
--- !u!1 &177770
GameObject:
  m_ObjectHideFlags: 0
  m_PrefabParentObject: {fileID: 0}
  m_PrefabInternal: {fileID: 100100000}
  serializedVersion: 4
  m_Component:
  - 4: {fileID: 453382}
  - 33: {fileID: 3323010}
  - 23: {fileID: 2330736}
  - 54: {fileID: 5460176}
  - 64: {fileID: 6431056}
  - 114: {fileID: 11409860}
  m_Layer: 0
  m_Name: CL3wedge2
  m_TagString: Untagged
  m_Icon: {fileID: 0}
  m_NavMeshLayer: 0
  m_StaticEditorFlags: 0
  m_IsActive: 1
--- !u!1 &189106
GameObject:
  m_ObjectHideFlags: 0
  m_PrefabParentObject: {fileID: 0}
  m_PrefabInternal: {fileID: 100100000}
  serializedVersion: 4
  m_Component:
  - 4: {fileID: 490172}
  - 33: {fileID: 3383612}
  - 23: {fileID: 2327408}
  - 54: {fileID: 5463266}
  - 64: {fileID: 6409264}
  - 114: {fileID: 11447540}
  m_Layer: 0
  m_Name: CL3wedge1
  m_TagString: Untagged
  m_Icon: {fileID: 0}
  m_NavMeshLayer: 0
  m_StaticEditorFlags: 0
  m_IsActive: 1
--- !u!1 &197674
GameObject:
  m_ObjectHideFlags: 0
  m_PrefabParentObject: {fileID: 0}
  m_PrefabInternal: {fileID: 100100000}
  serializedVersion: 4
  m_Component:
  - 4: {fileID: 481434}
  - 33: {fileID: 3365694}
  - 23: {fileID: 2348720}
  - 64: {fileID: 6496406}
  - 54: {fileID: 5438302}
  - 114: {fileID: 11442168}
  m_Layer: 0
  m_Name: CL3angle3
  m_TagString: Untagged
  m_Icon: {fileID: 0}
  m_NavMeshLayer: 0
  m_StaticEditorFlags: 0
  m_IsActive: 1
--- !u!4 &419808
Transform:
  m_ObjectHideFlags: 1
  m_PrefabParentObject: {fileID: 0}
  m_PrefabInternal: {fileID: 100100000}
  m_GameObject: {fileID: 155342}
  m_LocalRotation: {x: -8.6595606e-17, y: -.707107008, z: 1.65436138e-23, w: .70710659}
  m_LocalPosition: {x: .0455932245, y: 3.71766543, z: .00222265976}
  m_LocalScale: {x: 1.46666646, y: 1.50333631, z: 1.46666646}
  m_Children: []
  m_Father: {fileID: 428880}
  m_RootOrder: 0
--- !u!4 &428880
Transform:
  m_ObjectHideFlags: 1
  m_PrefabParentObject: {fileID: 0}
  m_PrefabInternal: {fileID: 100100000}
  m_GameObject: {fileID: 151274}
  m_LocalRotation: {x: 0, y: -.382683456, z: 0, w: .923879504}
  m_LocalPosition: {x: 30.7000008, y: 23.1000004, z: -121.099998}
  m_LocalScale: {x: 1.5, y: 1.5, z: 1.5}
  m_Children:
  - {fileID: 419808}
  - {fileID: 479776}
  - {fileID: 453382}
  - {fileID: 490172}
  - {fileID: 481434}
  - {fileID: 432708}
  - {fileID: 451620}
  m_Father: {fileID: 0}
  m_RootOrder: 0
--- !u!4 &432708
Transform:
  m_ObjectHideFlags: 1
  m_PrefabParentObject: {fileID: 0}
  m_PrefabInternal: {fileID: 100100000}
  m_GameObject: {fileID: 171924}
  m_LocalRotation: {x: -6.12323162e-17, y: -1, z: 6.12323559e-17, w: -3.57627869e-07}
  m_LocalPosition: {x: .0455932245, y: -3.79901505, z: .00222265976}
  m_LocalScale: {x: 1.4666667, y: 1.50333631, z: 1.4666667}
  m_Children: []
  m_Father: {fileID: 428880}
  m_RootOrder: 5
--- !u!4 &451620
Transform:
  m_ObjectHideFlags: 1
  m_PrefabParentObject: {fileID: 0}
  m_PrefabInternal: {fileID: 100100000}
  m_GameObject: {fileID: 175608}
  m_LocalRotation: {x: -3.30872245e-24, y: .707106709, z: -8.6595606e-17, w: .707106829}
  m_LocalPosition: {x: .0455932245, y: -8.91035843, z: .00222265976}
  m_LocalScale: {x: 1.46666694, y: 1.50333631, z: 1.4666667}
  m_Children: []
  m_Father: {fileID: 428880}
  m_RootOrder: 6
--- !u!4 &453382
Transform:
  m_ObjectHideFlags: 1
  m_PrefabParentObject: {fileID: 0}
  m_PrefabInternal: {fileID: 100100000}
  m_GameObject: {fileID: 177770}
  m_LocalRotation: {x: -1, y: 1.62920685e-07, z: -3.57627869e-07, w: 4.97379915e-14}
  m_LocalPosition: {x: .0455932245, y: -.191008255, z: .00222265976}
  m_LocalScale: {x: 1.4666667, y: 1.50333631, z: 1.4666667}
  m_Children: []
  m_Father: {fileID: 428880}
  m_RootOrder: 2
--- !u!4 &479776
Transform:
  m_ObjectHideFlags: 1
  m_PrefabParentObject: {fileID: 0}
  m_PrefabInternal: {fileID: 100100000}
  m_GameObject: {fileID: 143698}
  m_LocalRotation: {x: -8.6595606e-17, y: -.707107008, z: 1.65436138e-23, w: .70710659}
  m_LocalPosition: {x: .0455932245, y: 7.47600698, z: .00222265976}
  m_LocalScale: {x: 1.46666646, y: 1.50333631, z: 1.46666646}
  m_Children: []
  m_Father: {fileID: 428880}
  m_RootOrder: 1
--- !u!4 &481434
Transform:
  m_ObjectHideFlags: 1
  m_PrefabParentObject: {fileID: 0}
  m_PrefabInternal: {fileID: 100100000}
  m_GameObject: {fileID: 197674}
  m_LocalRotation: {x: -6.12323492e-17, y: -1.49011612e-07, z: -6.12323228e-17, w: 1}
  m_LocalPosition: {x: .0455932245, y: 10.6330128, z: .00222265976}
  m_LocalScale: {x: 1.46666658, y: 1.50333631, z: 1.4666667}
  m_Children: []
  m_Father: {fileID: 428880}
  m_RootOrder: 4
--- !u!4 &490172
Transform:
  m_ObjectHideFlags: 1
  m_PrefabParentObject: {fileID: 0}
  m_PrefabInternal: {fileID: 100100000}
  m_GameObject: {fileID: 189106}
  m_LocalRotation: {x: -6.12323492e-17, y: -1.49011612e-07, z: -6.12323228e-17, w: 1}
  m_LocalPosition: {x: .0455932245, y: -12.6686993, z: .00222265976}
  m_LocalScale: {x: 1.46666658, y: 1.50333631, z: 1.4666667}
  m_Children: []
  m_Father: {fileID: 428880}
  m_RootOrder: 3
--- !u!23 &2316142
MeshRenderer:
  m_ObjectHideFlags: 1
  m_PrefabParentObject: {fileID: 0}
  m_PrefabInternal: {fileID: 100100000}
  m_GameObject: {fileID: 143698}
  m_Enabled: 1
  m_CastShadows: 1
  m_ReceiveShadows: 1
  m_Materials:
  - {fileID: 2100000, guid: b8e82816f08b54f82bd20f0a278139c6, type: 2}
  m_SubsetIndices: 
  m_StaticBatchRoot: {fileID: 0}
  m_UseLightProbes: 1
  m_ReflectionProbeUsage: 1
  m_ProbeAnchor: {fileID: 0}
  m_ScaleInLightmap: 1
  m_PreserveUVs: 0
  m_ImportantGI: 0
  m_AutoUVMaxDistance: .5
  m_AutoUVMaxAngle: 89
  m_LightmapParameters: {fileID: 0}
  m_SortingLayerID: 0
  m_SortingOrder: 0
--- !u!23 &2327408
MeshRenderer:
  m_ObjectHideFlags: 1
  m_PrefabParentObject: {fileID: 0}
  m_PrefabInternal: {fileID: 100100000}
  m_GameObject: {fileID: 189106}
  m_Enabled: 1
  m_CastShadows: 1
  m_ReceiveShadows: 1
  m_Materials:
  - {fileID: 2100000, guid: b8e82816f08b54f82bd20f0a278139c6, type: 2}
  m_SubsetIndices: 
  m_StaticBatchRoot: {fileID: 0}
  m_UseLightProbes: 1
  m_ReflectionProbeUsage: 1
  m_ProbeAnchor: {fileID: 0}
  m_ScaleInLightmap: 1
  m_PreserveUVs: 0
  m_ImportantGI: 0
  m_AutoUVMaxDistance: .5
  m_AutoUVMaxAngle: 89
  m_LightmapParameters: {fileID: 0}
  m_SortingLayerID: 0
  m_SortingOrder: 0
--- !u!23 &2330736
MeshRenderer:
  m_ObjectHideFlags: 1
  m_PrefabParentObject: {fileID: 0}
  m_PrefabInternal: {fileID: 100100000}
  m_GameObject: {fileID: 177770}
  m_Enabled: 1
  m_CastShadows: 1
  m_ReceiveShadows: 1
  m_Materials:
  - {fileID: 2100000, guid: b8e82816f08b54f82bd20f0a278139c6, type: 2}
  m_SubsetIndices: 
  m_StaticBatchRoot: {fileID: 0}
  m_UseLightProbes: 1
  m_ReflectionProbeUsage: 1
  m_ProbeAnchor: {fileID: 0}
  m_ScaleInLightmap: 1
  m_PreserveUVs: 0
  m_ImportantGI: 0
  m_AutoUVMaxDistance: .5
  m_AutoUVMaxAngle: 89
  m_LightmapParameters: {fileID: 0}
  m_SortingLayerID: 0
  m_SortingOrder: 0
--- !u!23 &2348720
MeshRenderer:
  m_ObjectHideFlags: 1
  m_PrefabParentObject: {fileID: 0}
  m_PrefabInternal: {fileID: 100100000}
  m_GameObject: {fileID: 197674}
  m_Enabled: 1
  m_CastShadows: 1
  m_ReceiveShadows: 1
  m_Materials:
  - {fileID: 2100000, guid: b8e82816f08b54f82bd20f0a278139c6, type: 2}
  m_SubsetIndices: 
  m_StaticBatchRoot: {fileID: 0}
  m_UseLightProbes: 1
  m_ReflectionProbeUsage: 1
  m_ProbeAnchor: {fileID: 0}
  m_ScaleInLightmap: 1
  m_PreserveUVs: 0
  m_ImportantGI: 0
  m_AutoUVMaxDistance: .5
  m_AutoUVMaxAngle: 89
  m_LightmapParameters: {fileID: 0}
  m_SortingLayerID: 0
  m_SortingOrder: 0
--- !u!23 &2362530
MeshRenderer:
  m_ObjectHideFlags: 1
  m_PrefabParentObject: {fileID: 0}
  m_PrefabInternal: {fileID: 100100000}
  m_GameObject: {fileID: 171924}
  m_Enabled: 1
  m_CastShadows: 1
  m_ReceiveShadows: 1
  m_Materials:
  - {fileID: 2100000, guid: b8e82816f08b54f82bd20f0a278139c6, type: 2}
  m_SubsetIndices: 
  m_StaticBatchRoot: {fileID: 0}
  m_UseLightProbes: 1
  m_ReflectionProbeUsage: 1
  m_ProbeAnchor: {fileID: 0}
  m_ScaleInLightmap: 1
  m_PreserveUVs: 0
  m_ImportantGI: 0
  m_AutoUVMaxDistance: .5
  m_AutoUVMaxAngle: 89
  m_LightmapParameters: {fileID: 0}
  m_SortingLayerID: 0
  m_SortingOrder: 0
--- !u!23 &2372070
MeshRenderer:
  m_ObjectHideFlags: 1
  m_PrefabParentObject: {fileID: 0}
  m_PrefabInternal: {fileID: 100100000}
  m_GameObject: {fileID: 155342}
  m_Enabled: 1
  m_CastShadows: 1
  m_ReceiveShadows: 1
  m_Materials:
  - {fileID: 2100000, guid: b8e82816f08b54f82bd20f0a278139c6, type: 2}
  m_SubsetIndices: 
  m_StaticBatchRoot: {fileID: 0}
  m_UseLightProbes: 1
  m_ReflectionProbeUsage: 1
  m_ProbeAnchor: {fileID: 0}
  m_ScaleInLightmap: 1
  m_PreserveUVs: 0
  m_ImportantGI: 0
  m_AutoUVMaxDistance: .5
  m_AutoUVMaxAngle: 89
  m_LightmapParameters: {fileID: 0}
  m_SortingLayerID: 0
  m_SortingOrder: 0
--- !u!23 &2380104
MeshRenderer:
  m_ObjectHideFlags: 1
  m_PrefabParentObject: {fileID: 0}
  m_PrefabInternal: {fileID: 100100000}
  m_GameObject: {fileID: 175608}
  m_Enabled: 1
  m_CastShadows: 1
  m_ReceiveShadows: 1
  m_Materials:
  - {fileID: 2100000, guid: b8e82816f08b54f82bd20f0a278139c6, type: 2}
  m_SubsetIndices: 
  m_StaticBatchRoot: {fileID: 0}
  m_UseLightProbes: 1
  m_ReflectionProbeUsage: 1
  m_ProbeAnchor: {fileID: 0}
  m_ScaleInLightmap: 1
  m_PreserveUVs: 0
  m_ImportantGI: 0
  m_AutoUVMaxDistance: .5
  m_AutoUVMaxAngle: 89
  m_LightmapParameters: {fileID: 0}
  m_SortingLayerID: 0
  m_SortingOrder: 0
--- !u!33 &3323010
MeshFilter:
  m_ObjectHideFlags: 1
  m_PrefabParentObject: {fileID: 0}
  m_PrefabInternal: {fileID: 100100000}
  m_GameObject: {fileID: 177770}
  m_Mesh: {fileID: 4300010, guid: 62a551957592440938a83335434eb057, type: 3}
--- !u!33 &3325642
MeshFilter:
  m_ObjectHideFlags: 1
  m_PrefabParentObject: {fileID: 0}
  m_PrefabInternal: {fileID: 100100000}
  m_GameObject: {fileID: 171924}
  m_Mesh: {fileID: 4300004, guid: 62a551957592440938a83335434eb057, type: 3}
--- !u!33 &3358452
MeshFilter:
  m_ObjectHideFlags: 1
  m_PrefabParentObject: {fileID: 0}
  m_PrefabInternal: {fileID: 100100000}
  m_GameObject: {fileID: 175608}
  m_Mesh: {fileID: 4300004, guid: 62a551957592440938a83335434eb057, type: 3}
--- !u!33 &3365694
MeshFilter:
  m_ObjectHideFlags: 1
  m_PrefabParentObject: {fileID: 0}
  m_PrefabInternal: {fileID: 100100000}
  m_GameObject: {fileID: 197674}
  m_Mesh: {fileID: 4300004, guid: 62a551957592440938a83335434eb057, type: 3}
--- !u!33 &3383612
MeshFilter:
  m_ObjectHideFlags: 1
  m_PrefabParentObject: {fileID: 0}
  m_PrefabInternal: {fileID: 100100000}
  m_GameObject: {fileID: 189106}
  m_Mesh: {fileID: 4300010, guid: 62a551957592440938a83335434eb057, type: 3}
--- !u!33 &3385534
MeshFilter:
  m_ObjectHideFlags: 1
  m_PrefabParentObject: {fileID: 0}
  m_PrefabInternal: {fileID: 100100000}
  m_GameObject: {fileID: 155342}
  m_Mesh: {fileID: 4300054, guid: 62a551957592440938a83335434eb057, type: 3}
--- !u!33 &3386588
MeshFilter:
  m_ObjectHideFlags: 1
  m_PrefabParentObject: {fileID: 0}
  m_PrefabInternal: {fileID: 100100000}
  m_GameObject: {fileID: 143698}
  m_Mesh: {fileID: 4300010, guid: 62a551957592440938a83335434eb057, type: 3}
--- !u!54 &5412438
Rigidbody:
  m_ObjectHideFlags: 1
  m_PrefabParentObject: {fileID: 0}
  m_PrefabInternal: {fileID: 100100000}
  m_GameObject: {fileID: 155342}
  serializedVersion: 2
  m_Mass: 1
  m_Drag: 0
  m_AngularDrag: .0500000007
  m_UseGravity: 1
  m_IsKinematic: 0
  m_Interpolate: 0
  m_Constraints: 0
  m_CollisionDetection: 0
--- !u!54 &5421466
Rigidbody:
  m_ObjectHideFlags: 1
  m_PrefabParentObject: {fileID: 0}
  m_PrefabInternal: {fileID: 100100000}
  m_GameObject: {fileID: 171924}
  serializedVersion: 2
  m_Mass: 1
  m_Drag: 0
  m_AngularDrag: .0500000007
  m_UseGravity: 1
  m_IsKinematic: 0
  m_Interpolate: 0
  m_Constraints: 0
  m_CollisionDetection: 0
--- !u!54 &5429722
Rigidbody:
  m_ObjectHideFlags: 1
  m_PrefabParentObject: {fileID: 0}
  m_PrefabInternal: {fileID: 100100000}
  m_GameObject: {fileID: 143698}
  serializedVersion: 2
  m_Mass: 1
  m_Drag: 0
  m_AngularDrag: .0500000007
  m_UseGravity: 1
  m_IsKinematic: 0
  m_Interpolate: 0
  m_Constraints: 0
  m_CollisionDetection: 0
--- !u!54 &5438302
Rigidbody:
  m_ObjectHideFlags: 1
  m_PrefabParentObject: {fileID: 0}
  m_PrefabInternal: {fileID: 100100000}
  m_GameObject: {fileID: 197674}
  serializedVersion: 2
  m_Mass: 1
  m_Drag: 0
  m_AngularDrag: .0500000007
  m_UseGravity: 1
  m_IsKinematic: 0
  m_Interpolate: 0
  m_Constraints: 0
  m_CollisionDetection: 0
--- !u!54 &5460176
Rigidbody:
  m_ObjectHideFlags: 1
  m_PrefabParentObject: {fileID: 0}
  m_PrefabInternal: {fileID: 100100000}
  m_GameObject: {fileID: 177770}
  serializedVersion: 2
  m_Mass: 1
  m_Drag: 0
  m_AngularDrag: .0500000007
  m_UseGravity: 1
  m_IsKinematic: 0
  m_Interpolate: 0
  m_Constraints: 0
  m_CollisionDetection: 0
--- !u!54 &5463266
Rigidbody:
  m_ObjectHideFlags: 1
  m_PrefabParentObject: {fileID: 0}
  m_PrefabInternal: {fileID: 100100000}
  m_GameObject: {fileID: 189106}
  serializedVersion: 2
  m_Mass: 1
  m_Drag: 0
  m_AngularDrag: .0500000007
  m_UseGravity: 1
  m_IsKinematic: 0
  m_Interpolate: 0
  m_Constraints: 0
  m_CollisionDetection: 0
--- !u!54 &5496638
Rigidbody:
  m_ObjectHideFlags: 1
  m_PrefabParentObject: {fileID: 0}
  m_PrefabInternal: {fileID: 100100000}
  m_GameObject: {fileID: 175608}
  serializedVersion: 2
  m_Mass: 1
  m_Drag: 0
  m_AngularDrag: .0500000007
  m_UseGravity: 1
  m_IsKinematic: 0
  m_Interpolate: 0
  m_Constraints: 0
  m_CollisionDetection: 0
--- !u!64 &6409264
MeshCollider:
  m_ObjectHideFlags: 1
  m_PrefabParentObject: {fileID: 0}
  m_PrefabInternal: {fileID: 100100000}
  m_GameObject: {fileID: 189106}
  m_Material: {fileID: 0}
  m_IsTrigger: 0
  m_Enabled: 1
  serializedVersion: 2
  m_Convex: 1
  m_Mesh: {fileID: 4300010, guid: 62a551957592440938a83335434eb057, type: 3}
--- !u!64 &6414820
MeshCollider:
  m_ObjectHideFlags: 1
  m_PrefabParentObject: {fileID: 0}
  m_PrefabInternal: {fileID: 100100000}
  m_GameObject: {fileID: 155342}
  m_Material: {fileID: 0}
  m_IsTrigger: 0
  m_Enabled: 1
  serializedVersion: 2
  m_Convex: 1
  m_Mesh: {fileID: 4300054, guid: 62a551957592440938a83335434eb057, type: 3}
--- !u!64 &6423354
MeshCollider:
  m_ObjectHideFlags: 1
  m_PrefabParentObject: {fileID: 0}
  m_PrefabInternal: {fileID: 100100000}
  m_GameObject: {fileID: 143698}
  m_Material: {fileID: 0}
  m_IsTrigger: 0
  m_Enabled: 1
  serializedVersion: 2
  m_Convex: 1
  m_Mesh: {fileID: 4300010, guid: 62a551957592440938a83335434eb057, type: 3}
--- !u!64 &6431056
MeshCollider:
  m_ObjectHideFlags: 1
  m_PrefabParentObject: {fileID: 0}
  m_PrefabInternal: {fileID: 100100000}
  m_GameObject: {fileID: 177770}
  m_Material: {fileID: 0}
  m_IsTrigger: 0
  m_Enabled: 1
  serializedVersion: 2
  m_Convex: 1
  m_Mesh: {fileID: 4300010, guid: 62a551957592440938a83335434eb057, type: 3}
--- !u!64 &6471290
MeshCollider:
  m_ObjectHideFlags: 1
  m_PrefabParentObject: {fileID: 0}
  m_PrefabInternal: {fileID: 100100000}
  m_GameObject: {fileID: 175608}
  m_Material: {fileID: 0}
  m_IsTrigger: 0
  m_Enabled: 1
  serializedVersion: 2
  m_Convex: 1
  m_Mesh: {fileID: 4300004, guid: 62a551957592440938a83335434eb057, type: 3}
--- !u!64 &6472612
MeshCollider:
  m_ObjectHideFlags: 1
  m_PrefabParentObject: {fileID: 0}
  m_PrefabInternal: {fileID: 100100000}
  m_GameObject: {fileID: 171924}
  m_Material: {fileID: 0}
  m_IsTrigger: 0
  m_Enabled: 1
  serializedVersion: 2
  m_Convex: 1
  m_Mesh: {fileID: 4300004, guid: 62a551957592440938a83335434eb057, type: 3}
--- !u!64 &6496406
MeshCollider:
  m_ObjectHideFlags: 1
  m_PrefabParentObject: {fileID: 0}
  m_PrefabInternal: {fileID: 100100000}
  m_GameObject: {fileID: 197674}
  m_Material: {fileID: 0}
  m_IsTrigger: 0
  m_Enabled: 1
  serializedVersion: 2
  m_Convex: 1
  m_Mesh: {fileID: 4300004, guid: 62a551957592440938a83335434eb057, type: 3}
--- !u!114 &11409860
MonoBehaviour:
  m_ObjectHideFlags: 1
  m_PrefabParentObject: {fileID: 0}
  m_PrefabInternal: {fileID: 100100000}
  m_GameObject: {fileID: 177770}
  m_Enabled: 1
  m_EditorHideFlags: 0
  m_Script: {fileID: 11500000, guid: 19730dd0c854644d89302436824f32b2, type: 3}
  m_Name: 
  m_EditorClassIdentifier: 
  centerLeg1: {fileID: 110954, guid: acc5dc1271788491f94df93c6d13a613, type: 2}
  centerLeg2: {fileID: 137370, guid: acc5dc1271788491f94df93c6d13a613, type: 2}
  centerLeg3: {fileID: 192326, guid: acc5dc1271788491f94df93c6d13a613, type: 2}
  centerLeg4: {fileID: 184332, guid: acc5dc1271788491f94df93c6d13a613, type: 2}
  centerTop1: {fileID: 161404, guid: acc5dc1271788491f94df93c6d13a613, type: 2}
  centerTop2: {fileID: 194702, guid: acc5dc1271788491f94df93c6d13a613, type: 2}
  centerTop3: {fileID: 193144, guid: acc5dc1271788491f94df93c6d13a613, type: 2}
  centerTop4: {fileID: 185464, guid: acc5dc1271788491f94df93c6d13a613, type: 2}
  centerLegFracture1: {fileID: 141306, guid: 9917512e51e3845c6b381738f8067d6b, type: 2}
  centerLegFracture2: {fileID: 177926, guid: 62e123c24632844c29b95df6a41de5cf, type: 2}
  centerLegFracture3: {fileID: 151274}
  centerLegFracture4: {fileID: 194552, guid: b91ab70ef6ec64211becf37f39046aea, type: 2}
  centerTopFracture1: {fileID: 135232, guid: e007c421933c047c4beb8a1c449ffb1b, type: 2}
  centerTopFracture2: {fileID: 135860, guid: 0fdedfe3d2b1b41a2b3059e45d4088fa, type: 2}
  centerTopFracture3: {fileID: 103322, guid: 5d60d189a0e6f48229fdcc8243845026, type: 2}
  centerTopFracture4: {fileID: 116602, guid: 23b06ded102d849b49751dd53e2b72cf, type: 2}
  centerChunkWedge1: {fileID: 189106}
  centerChunkWedge2: {fileID: 177770}
  centerChunkWedge3: {fileID: 143698}
  centerChunkAngle1: {fileID: 175608}
  centerChunkAngle2: {fileID: 171924}
  centerChunkAngle3: {fileID: 197674}
  centerChunkCube: {fileID: 155342}
  centerPiecesWedge: {fileID: 105986, guid: 4011098de3bb54fc2bff38e275dec28d, type: 2}
  centerPiecesAngle: {fileID: 126380, guid: e003f9caae71a4cd2a1803cb0408e187, type: 2}
  centerPiecesCube: {fileID: 194168, guid: 3f03e0c6805ed49b9b39bbccb780774f, type: 2}
--- !u!114 &11412922
MonoBehaviour:
  m_ObjectHideFlags: 1
  m_PrefabParentObject: {fileID: 0}
  m_PrefabInternal: {fileID: 100100000}
  m_GameObject: {fileID: 143698}
  m_Enabled: 1
  m_EditorHideFlags: 0
  m_Script: {fileID: 11500000, guid: 19730dd0c854644d89302436824f32b2, type: 3}
  m_Name: 
  m_EditorClassIdentifier: 
  centerLeg1: {fileID: 110954, guid: acc5dc1271788491f94df93c6d13a613, type: 2}
  centerLeg2: {fileID: 137370, guid: acc5dc1271788491f94df93c6d13a613, type: 2}
  centerLeg3: {fileID: 192326, guid: acc5dc1271788491f94df93c6d13a613, type: 2}
  centerLeg4: {fileID: 184332, guid: acc5dc1271788491f94df93c6d13a613, type: 2}
  centerTop1: {fileID: 161404, guid: acc5dc1271788491f94df93c6d13a613, type: 2}
  centerTop2: {fileID: 194702, guid: acc5dc1271788491f94df93c6d13a613, type: 2}
  centerTop3: {fileID: 193144, guid: acc5dc1271788491f94df93c6d13a613, type: 2}
  centerTop4: {fileID: 185464, guid: acc5dc1271788491f94df93c6d13a613, type: 2}
  centerLegFracture1: {fileID: 141306, guid: 9917512e51e3845c6b381738f8067d6b, type: 2}
  centerLegFracture2: {fileID: 177926, guid: 62e123c24632844c29b95df6a41de5cf, type: 2}
  centerLegFracture3: {fileID: 151274}
  centerLegFracture4: {fileID: 194552, guid: b91ab70ef6ec64211becf37f39046aea, type: 2}
  centerTopFracture1: {fileID: 135232, guid: e007c421933c047c4beb8a1c449ffb1b, type: 2}
  centerTopFracture2: {fileID: 135860, guid: 0fdedfe3d2b1b41a2b3059e45d4088fa, type: 2}
  centerTopFracture3: {fileID: 103322, guid: 5d60d189a0e6f48229fdcc8243845026, type: 2}
  centerTopFracture4: {fileID: 116602, guid: 23b06ded102d849b49751dd53e2b72cf, type: 2}
  centerChunkWedge1: {fileID: 189106}
  centerChunkWedge2: {fileID: 177770}
  centerChunkWedge3: {fileID: 143698}
  centerChunkAngle1: {fileID: 175608}
  centerChunkAngle2: {fileID: 171924}
  centerChunkAngle3: {fileID: 197674}
  centerChunkCube: {fileID: 155342}
  centerPiecesWedge: {fileID: 105986, guid: 4011098de3bb54fc2bff38e275dec28d, type: 2}
  centerPiecesAngle: {fileID: 126380, guid: e003f9caae71a4cd2a1803cb0408e187, type: 2}
  centerPiecesCube: {fileID: 194168, guid: 3f03e0c6805ed49b9b39bbccb780774f, type: 2}
--- !u!114 &11442168
MonoBehaviour:
  m_ObjectHideFlags: 1
  m_PrefabParentObject: {fileID: 0}
  m_PrefabInternal: {fileID: 100100000}
  m_GameObject: {fileID: 197674}
  m_Enabled: 1
  m_EditorHideFlags: 0
  m_Script: {fileID: 11500000, guid: 19730dd0c854644d89302436824f32b2, type: 3}
  m_Name: 
  m_EditorClassIdentifier: 
  centerLeg1: {fileID: 110954, guid: acc5dc1271788491f94df93c6d13a613, type: 2}
  centerLeg2: {fileID: 137370, guid: acc5dc1271788491f94df93c6d13a613, type: 2}
  centerLeg3: {fileID: 192326, guid: acc5dc1271788491f94df93c6d13a613, type: 2}
  centerLeg4: {fileID: 184332, guid: acc5dc1271788491f94df93c6d13a613, type: 2}
  centerTop1: {fileID: 161404, guid: acc5dc1271788491f94df93c6d13a613, type: 2}
  centerTop2: {fileID: 194702, guid: acc5dc1271788491f94df93c6d13a613, type: 2}
  centerTop3: {fileID: 193144, guid: acc5dc1271788491f94df93c6d13a613, type: 2}
  centerTop4: {fileID: 185464, guid: acc5dc1271788491f94df93c6d13a613, type: 2}
  centerLegFracture1: {fileID: 141306, guid: 9917512e51e3845c6b381738f8067d6b, type: 2}
  centerLegFracture2: {fileID: 177926, guid: 62e123c24632844c29b95df6a41de5cf, type: 2}
  centerLegFracture3: {fileID: 151274}
  centerLegFracture4: {fileID: 194552, guid: b91ab70ef6ec64211becf37f39046aea, type: 2}
  centerTopFracture1: {fileID: 135232, guid: e007c421933c047c4beb8a1c449ffb1b, type: 2}
  centerTopFracture2: {fileID: 135860, guid: 0fdedfe3d2b1b41a2b3059e45d4088fa, type: 2}
  centerTopFracture3: {fileID: 103322, guid: 5d60d189a0e6f48229fdcc8243845026, type: 2}
  centerTopFracture4: {fileID: 116602, guid: 23b06ded102d849b49751dd53e2b72cf, type: 2}
  centerChunkWedge1: {fileID: 189106}
  centerChunkWedge2: {fileID: 177770}
  centerChunkWedge3: {fileID: 143698}
  centerChunkAngle1: {fileID: 175608}
  centerChunkAngle2: {fileID: 171924}
  centerChunkAngle3: {fileID: 197674}
  centerChunkCube: {fileID: 155342}
  centerPiecesWedge: {fileID: 105986, guid: 4011098de3bb54fc2bff38e275dec28d, type: 2}
  centerPiecesAngle: {fileID: 126380, guid: e003f9caae71a4cd2a1803cb0408e187, type: 2}
  centerPiecesCube: {fileID: 194168, guid: 3f03e0c6805ed49b9b39bbccb780774f, type: 2}
--- !u!114 &11447540
MonoBehaviour:
  m_ObjectHideFlags: 1
  m_PrefabParentObject: {fileID: 0}
  m_PrefabInternal: {fileID: 100100000}
  m_GameObject: {fileID: 189106}
  m_Enabled: 1
  m_EditorHideFlags: 0
  m_Script: {fileID: 11500000, guid: 19730dd0c854644d89302436824f32b2, type: 3}
  m_Name: 
  m_EditorClassIdentifier: 
  centerLeg1: {fileID: 110954, guid: acc5dc1271788491f94df93c6d13a613, type: 2}
  centerLeg2: {fileID: 137370, guid: acc5dc1271788491f94df93c6d13a613, type: 2}
  centerLeg3: {fileID: 192326, guid: acc5dc1271788491f94df93c6d13a613, type: 2}
  centerLeg4: {fileID: 184332, guid: acc5dc1271788491f94df93c6d13a613, type: 2}
  centerTop1: {fileID: 161404, guid: acc5dc1271788491f94df93c6d13a613, type: 2}
  centerTop2: {fileID: 194702, guid: acc5dc1271788491f94df93c6d13a613, type: 2}
  centerTop3: {fileID: 193144, guid: acc5dc1271788491f94df93c6d13a613, type: 2}
  centerTop4: {fileID: 185464, guid: acc5dc1271788491f94df93c6d13a613, type: 2}
  centerLegFracture1: {fileID: 141306, guid: 9917512e51e3845c6b381738f8067d6b, type: 2}
  centerLegFracture2: {fileID: 177926, guid: 62e123c24632844c29b95df6a41de5cf, type: 2}
  centerLegFracture3: {fileID: 151274}
  centerLegFracture4: {fileID: 194552, guid: b91ab70ef6ec64211becf37f39046aea, type: 2}
  centerTopFracture1: {fileID: 135232, guid: e007c421933c047c4beb8a1c449ffb1b, type: 2}
  centerTopFracture2: {fileID: 135860, guid: 0fdedfe3d2b1b41a2b3059e45d4088fa, type: 2}
  centerTopFracture3: {fileID: 103322, guid: 5d60d189a0e6f48229fdcc8243845026, type: 2}
  centerTopFracture4: {fileID: 116602, guid: 23b06ded102d849b49751dd53e2b72cf, type: 2}
  centerChunkWedge1: {fileID: 189106}
  centerChunkWedge2: {fileID: 177770}
  centerChunkWedge3: {fileID: 143698}
  centerChunkAngle1: {fileID: 175608}
  centerChunkAngle2: {fileID: 171924}
  centerChunkAngle3: {fileID: 197674}
  centerChunkCube: {fileID: 155342}
  centerPiecesWedge: {fileID: 105986, guid: 4011098de3bb54fc2bff38e275dec28d, type: 2}
  centerPiecesAngle: {fileID: 126380, guid: e003f9caae71a4cd2a1803cb0408e187, type: 2}
  centerPiecesCube: {fileID: 194168, guid: 3f03e0c6805ed49b9b39bbccb780774f, type: 2}
--- !u!114 &11452598
MonoBehaviour:
  m_ObjectHideFlags: 1
  m_PrefabParentObject: {fileID: 0}
  m_PrefabInternal: {fileID: 100100000}
  m_GameObject: {fileID: 171924}
  m_Enabled: 1
  m_EditorHideFlags: 0
  m_Script: {fileID: 11500000, guid: 19730dd0c854644d89302436824f32b2, type: 3}
  m_Name: 
  m_EditorClassIdentifier: 
  centerLeg1: {fileID: 110954, guid: acc5dc1271788491f94df93c6d13a613, type: 2}
  centerLeg2: {fileID: 137370, guid: acc5dc1271788491f94df93c6d13a613, type: 2}
  centerLeg3: {fileID: 192326, guid: acc5dc1271788491f94df93c6d13a613, type: 2}
  centerLeg4: {fileID: 184332, guid: acc5dc1271788491f94df93c6d13a613, type: 2}
  centerTop1: {fileID: 161404, guid: acc5dc1271788491f94df93c6d13a613, type: 2}
  centerTop2: {fileID: 194702, guid: acc5dc1271788491f94df93c6d13a613, type: 2}
  centerTop3: {fileID: 193144, guid: acc5dc1271788491f94df93c6d13a613, type: 2}
  centerTop4: {fileID: 185464, guid: acc5dc1271788491f94df93c6d13a613, type: 2}
  centerLegFracture1: {fileID: 141306, guid: 9917512e51e3845c6b381738f8067d6b, type: 2}
  centerLegFracture2: {fileID: 177926, guid: 62e123c24632844c29b95df6a41de5cf, type: 2}
  centerLegFracture3: {fileID: 151274}
  centerLegFracture4: {fileID: 194552, guid: b91ab70ef6ec64211becf37f39046aea, type: 2}
  centerTopFracture1: {fileID: 135232, guid: e007c421933c047c4beb8a1c449ffb1b, type: 2}
  centerTopFracture2: {fileID: 135860, guid: 0fdedfe3d2b1b41a2b3059e45d4088fa, type: 2}
  centerTopFracture3: {fileID: 103322, guid: 5d60d189a0e6f48229fdcc8243845026, type: 2}
  centerTopFracture4: {fileID: 116602, guid: 23b06ded102d849b49751dd53e2b72cf, type: 2}
  centerChunkWedge1: {fileID: 189106}
  centerChunkWedge2: {fileID: 177770}
  centerChunkWedge3: {fileID: 143698}
  centerChunkAngle1: {fileID: 175608}
  centerChunkAngle2: {fileID: 171924}
  centerChunkAngle3: {fileID: 197674}
  centerChunkCube: {fileID: 155342}
  centerPiecesWedge: {fileID: 105986, guid: 4011098de3bb54fc2bff38e275dec28d, type: 2}
  centerPiecesAngle: {fileID: 126380, guid: e003f9caae71a4cd2a1803cb0408e187, type: 2}
  centerPiecesCube: {fileID: 194168, guid: 3f03e0c6805ed49b9b39bbccb780774f, type: 2}
--- !u!114 &11469902
MonoBehaviour:
  m_ObjectHideFlags: 1
  m_PrefabParentObject: {fileID: 0}
  m_PrefabInternal: {fileID: 100100000}
  m_GameObject: {fileID: 175608}
  m_Enabled: 1
  m_EditorHideFlags: 0
  m_Script: {fileID: 11500000, guid: 19730dd0c854644d89302436824f32b2, type: 3}
  m_Name: 
  m_EditorClassIdentifier: 
  centerLeg1: {fileID: 110954, guid: acc5dc1271788491f94df93c6d13a613, type: 2}
  centerLeg2: {fileID: 137370, guid: acc5dc1271788491f94df93c6d13a613, type: 2}
  centerLeg3: {fileID: 192326, guid: acc5dc1271788491f94df93c6d13a613, type: 2}
  centerLeg4: {fileID: 184332, guid: acc5dc1271788491f94df93c6d13a613, type: 2}
  centerTop1: {fileID: 161404, guid: acc5dc1271788491f94df93c6d13a613, type: 2}
  centerTop2: {fileID: 194702, guid: acc5dc1271788491f94df93c6d13a613, type: 2}
  centerTop3: {fileID: 193144, guid: acc5dc1271788491f94df93c6d13a613, type: 2}
  centerTop4: {fileID: 185464, guid: acc5dc1271788491f94df93c6d13a613, type: 2}
  centerLegFracture1: {fileID: 141306, guid: 9917512e51e3845c6b381738f8067d6b, type: 2}
  centerLegFracture2: {fileID: 177926, guid: 62e123c24632844c29b95df6a41de5cf, type: 2}
  centerLegFracture3: {fileID: 151274}
  centerLegFracture4: {fileID: 194552, guid: b91ab70ef6ec64211becf37f39046aea, type: 2}
  centerTopFracture1: {fileID: 135232, guid: e007c421933c047c4beb8a1c449ffb1b, type: 2}
  centerTopFracture2: {fileID: 135860, guid: 0fdedfe3d2b1b41a2b3059e45d4088fa, type: 2}
  centerTopFracture3: {fileID: 103322, guid: 5d60d189a0e6f48229fdcc8243845026, type: 2}
  centerTopFracture4: {fileID: 116602, guid: 23b06ded102d849b49751dd53e2b72cf, type: 2}
  centerChunkWedge1: {fileID: 189106}
  centerChunkWedge2: {fileID: 177770}
  centerChunkWedge3: {fileID: 143698}
  centerChunkAngle1: {fileID: 175608}
  centerChunkAngle2: {fileID: 171924}
  centerChunkAngle3: {fileID: 197674}
  centerChunkCube: {fileID: 155342}
  centerPiecesWedge: {fileID: 105986, guid: 4011098de3bb54fc2bff38e275dec28d, type: 2}
  centerPiecesAngle: {fileID: 126380, guid: e003f9caae71a4cd2a1803cb0408e187, type: 2}
  centerPiecesCube: {fileID: 194168, guid: 3f03e0c6805ed49b9b39bbccb780774f, type: 2}
--- !u!114 &11478768
MonoBehaviour:
  m_ObjectHideFlags: 1
  m_PrefabParentObject: {fileID: 0}
  m_PrefabInternal: {fileID: 100100000}
  m_GameObject: {fileID: 155342}
  m_Enabled: 1
  m_EditorHideFlags: 0
  m_Script: {fileID: 11500000, guid: 19730dd0c854644d89302436824f32b2, type: 3}
  m_Name: 
  m_EditorClassIdentifier: 
  centerLeg1: {fileID: 110954, guid: acc5dc1271788491f94df93c6d13a613, type: 2}
  centerLeg2: {fileID: 137370, guid: acc5dc1271788491f94df93c6d13a613, type: 2}
  centerLeg3: {fileID: 192326, guid: acc5dc1271788491f94df93c6d13a613, type: 2}
  centerLeg4: {fileID: 184332, guid: acc5dc1271788491f94df93c6d13a613, type: 2}
  centerTop1: {fileID: 161404, guid: acc5dc1271788491f94df93c6d13a613, type: 2}
  centerTop2: {fileID: 194702, guid: acc5dc1271788491f94df93c6d13a613, type: 2}
  centerTop3: {fileID: 193144, guid: acc5dc1271788491f94df93c6d13a613, type: 2}
  centerTop4: {fileID: 185464, guid: acc5dc1271788491f94df93c6d13a613, type: 2}
  centerLegFracture1: {fileID: 141306, guid: 9917512e51e3845c6b381738f8067d6b, type: 2}
  centerLegFracture2: {fileID: 177926, guid: 62e123c24632844c29b95df6a41de5cf, type: 2}
  centerLegFracture3: {fileID: 151274}
  centerLegFracture4: {fileID: 194552, guid: b91ab70ef6ec64211becf37f39046aea, type: 2}
  centerTopFracture1: {fileID: 135232, guid: e007c421933c047c4beb8a1c449ffb1b, type: 2}
  centerTopFracture2: {fileID: 135860, guid: 0fdedfe3d2b1b41a2b3059e45d4088fa, type: 2}
  centerTopFracture3: {fileID: 103322, guid: 5d60d189a0e6f48229fdcc8243845026, type: 2}
  centerTopFracture4: {fileID: 116602, guid: 23b06ded102d849b49751dd53e2b72cf, type: 2}
  centerChunkWedge1: {fileID: 189106}
  centerChunkWedge2: {fileID: 177770}
  centerChunkWedge3: {fileID: 143698}
  centerChunkAngle1: {fileID: 175608}
  centerChunkAngle2: {fileID: 171924}
  centerChunkAngle3: {fileID: 197674}
  centerChunkCube: {fileID: 155342}
  centerPiecesWedge: {fileID: 105986, guid: 4011098de3bb54fc2bff38e275dec28d, type: 2}
  centerPiecesAngle: {fileID: 126380, guid: e003f9caae71a4cd2a1803cb0408e187, type: 2}
  centerPiecesCube: {fileID: 194168, guid: 3f03e0c6805ed49b9b39bbccb780774f, type: 2}
--- !u!1001 &100100000
Prefab:
  m_ObjectHideFlags: 1
  serializedVersion: 2
  m_Modification:
    m_TransformParent: {fileID: 0}
    m_Modifications: []
    m_RemovedComponents: []
  m_ParentPrefab: {fileID: 0}
  m_RootGameObject: {fileID: 151274}
  m_IsPrefabParent: 1
