%YAML 1.1
%TAG !u! tag:unity3d.com,2011:
--- !u!1 &107822
GameObject:
  m_ObjectHideFlags: 0
  m_PrefabParentObject: {fileID: 0}
  m_PrefabInternal: {fileID: 100100000}
  serializedVersion: 4
  m_Component:
  - 4: {fileID: 419492}
  - 33: {fileID: 3304754}
  - 65: {fileID: 6587064}
  - 137: {fileID: 13747858}
  m_Layer: 0
  m_Name: Cube 2
  m_TagString: Untagged
  m_Icon: {fileID: 0}
  m_NavMeshLayer: 0
  m_StaticEditorFlags: 0
  m_IsActive: 1
--- !u!1 &114954
GameObject:
  m_ObjectHideFlags: 0
  m_PrefabParentObject: {fileID: 0}
  m_PrefabInternal: {fileID: 100100000}
  serializedVersion: 4
  m_Component:
  - 4: {fileID: 494304}
  m_Layer: 0
  m_Name: curtain
  m_TagString: Untagged
  m_Icon: {fileID: 0}
  m_NavMeshLayer: 0
  m_StaticEditorFlags: 0
  m_IsActive: 1
--- !u!1 &172890
GameObject:
  m_ObjectHideFlags: 0
  m_PrefabParentObject: {fileID: 0}
  m_PrefabInternal: {fileID: 100100000}
  serializedVersion: 4
  m_Component:
  - 4: {fileID: 405352}
  - 33: {fileID: 3372722}
  - 137: {fileID: 13790386}
  - 183: {fileID: 18382156}
  m_Layer: 0
  m_Name: pCube1
  m_TagString: Untagged
  m_Icon: {fileID: 0}
  m_NavMeshLayer: 0
  m_StaticEditorFlags: 0
  m_IsActive: 1
--- !u!1 &175444
GameObject:
  m_ObjectHideFlags: 0
  m_PrefabParentObject: {fileID: 0}
  m_PrefabInternal: {fileID: 100100000}
  serializedVersion: 4
  m_Component:
  - 4: {fileID: 407616}
  - 33: {fileID: 3327664}
  - 65: {fileID: 6551258}
  - 137: {fileID: 13716324}
  m_Layer: 0
  m_Name: Cube 1
  m_TagString: Untagged
  m_Icon: {fileID: 0}
  m_NavMeshLayer: 0
  m_StaticEditorFlags: 0
  m_IsActive: 1
--- !u!1 &178846
GameObject:
  m_ObjectHideFlags: 0
  m_PrefabParentObject: {fileID: 0}
  m_PrefabInternal: {fileID: 100100000}
  serializedVersion: 4
  m_Component:
  - 4: {fileID: 495062}
  - 33: {fileID: 3366658}
  - 65: {fileID: 6502302}
  - 137: {fileID: 13764630}
  m_Layer: 0
  m_Name: Cube
  m_TagString: Untagged
  m_Icon: {fileID: 0}
  m_NavMeshLayer: 0
  m_StaticEditorFlags: 0
  m_IsActive: 1
--- !u!4 &405352
Transform:
  m_ObjectHideFlags: 1
  m_PrefabParentObject: {fileID: 0}
  m_PrefabInternal: {fileID: 100100000}
  m_GameObject: {fileID: 172890}
  m_LocalRotation: {x: -.700053155, y: 0, z: 0, w: .714090824}
  m_LocalPosition: {x: 19.1499996, y: -25.3799992, z: 43.5}
  m_LocalScale: {x: 134.480743, y: 24.9021339, z: 80.7340775}
  m_Children: []
  m_Father: {fileID: 494304}
  m_RootOrder: 1
--- !u!4 &407616
Transform:
  m_ObjectHideFlags: 1
  m_PrefabParentObject: {fileID: 0}
  m_PrefabInternal: {fileID: 100100000}
  m_GameObject: {fileID: 175444}
  m_LocalRotation: {x: 0, y: 0, z: .707106829, w: .707106709}
  m_LocalPosition: {x: 4.26000023, y: -25.4699993, z: 43.4799995}
  m_LocalScale: {x: 13.7752886, y: .480056822, z: .38004455}
  m_Children: []
  m_Father: {fileID: 494304}
  m_RootOrder: 2
--- !u!4 &419492
Transform:
  m_ObjectHideFlags: 1
  m_PrefabParentObject: {fileID: 0}
  m_PrefabInternal: {fileID: 100100000}
  m_GameObject: {fileID: 107822}
  m_LocalRotation: {x: 0, y: 0, z: .707106829, w: .707106709}
  m_LocalPosition: {x: 33.9399986, y: -25.6000004, z: 43.4799995}
  m_LocalScale: {x: 14.2421761, y: .480056792, z: .38004455}
  m_Children: []
  m_Father: {fileID: 494304}
  m_RootOrder: 3
--- !u!4 &494304
Transform:
  m_ObjectHideFlags: 1
  m_PrefabParentObject: {fileID: 0}
  m_PrefabInternal: {fileID: 100100000}
  m_GameObject: {fileID: 114954}
  m_LocalRotation: {x: 0, y: 0, z: 0, w: 1}
  m_LocalPosition: {x: 199.380005, y: 21.8700008, z: 7.3368001}
  m_LocalScale: {x: 1.01390445, y: .737583041, z: .737583458}
  m_Children:
  - {fileID: 495062}
  - {fileID: 405352}
  - {fileID: 407616}
  - {fileID: 419492}
  m_Father: {fileID: 0}
  m_RootOrder: 0
--- !u!4 &495062
Transform:
  m_ObjectHideFlags: 1
  m_PrefabParentObject: {fileID: 0}
  m_PrefabInternal: {fileID: 100100000}
  m_GameObject: {fileID: 178846}
  m_LocalRotation: {x: 0, y: 0, z: 0, w: 1}
  m_LocalPosition: {x: 19.0400009, y: -18.5200005, z: 43.4799995}
  m_LocalScale: {x: 31.3280525, y: .480056822, z: .38004455}
  m_Children: []
  m_Father: {fileID: 494304}
  m_RootOrder: 0
--- !u!33 &3304754
MeshFilter:
  m_ObjectHideFlags: 1
  m_PrefabParentObject: {fileID: 0}
  m_PrefabInternal: {fileID: 100100000}
  m_GameObject: {fileID: 107822}
  m_Mesh: {fileID: 10202, guid: 0000000000000000e000000000000000, type: 0}
--- !u!33 &3327664
MeshFilter:
  m_ObjectHideFlags: 1
  m_PrefabParentObject: {fileID: 0}
  m_PrefabInternal: {fileID: 100100000}
  m_GameObject: {fileID: 175444}
  m_Mesh: {fileID: 10202, guid: 0000000000000000e000000000000000, type: 0}
--- !u!33 &3366658
MeshFilter:
  m_ObjectHideFlags: 1
  m_PrefabParentObject: {fileID: 0}
  m_PrefabInternal: {fileID: 100100000}
  m_GameObject: {fileID: 178846}
  m_Mesh: {fileID: 10202, guid: 0000000000000000e000000000000000, type: 0}
--- !u!33 &3372722
MeshFilter:
  m_ObjectHideFlags: 1
  m_PrefabParentObject: {fileID: 0}
  m_PrefabInternal: {fileID: 100100000}
  m_GameObject: {fileID: 172890}
  m_Mesh: {fileID: 4300000, guid: 31c40fd1922d042debd435d26644d26a, type: 3}
--- !u!65 &6502302
BoxCollider:
  m_ObjectHideFlags: 1
  m_PrefabParentObject: {fileID: 0}
  m_PrefabInternal: {fileID: 100100000}
  m_GameObject: {fileID: 178846}
  m_Material: {fileID: 13400000, guid: 67db31eead11e8d6d00011d98d76c639, type: 2}
  m_IsTrigger: 0
  m_Enabled: 1
  serializedVersion: 2
  m_Size: {x: 1, y: 1, z: 1}
  m_Center: {x: 0, y: 0, z: 0}
--- !u!65 &6551258
BoxCollider:
  m_ObjectHideFlags: 1
  m_PrefabParentObject: {fileID: 0}
  m_PrefabInternal: {fileID: 100100000}
  m_GameObject: {fileID: 175444}
  m_Material: {fileID: 13400000, guid: 67db31eead11e8d6d00011d98d76c639, type: 2}
  m_IsTrigger: 0
  m_Enabled: 1
  serializedVersion: 2
  m_Size: {x: 1, y: 1, z: 1}
  m_Center: {x: 0, y: 0, z: 0}
--- !u!65 &6587064
BoxCollider:
  m_ObjectHideFlags: 1
  m_PrefabParentObject: {fileID: 0}
  m_PrefabInternal: {fileID: 100100000}
  m_GameObject: {fileID: 107822}
  m_Material: {fileID: 13400000, guid: 67db31eead11e8d6d00011d98d76c639, type: 2}
  m_IsTrigger: 0
  m_Enabled: 1
  serializedVersion: 2
  m_Size: {x: 1, y: 1, z: 1}
  m_Center: {x: 0, y: 0, z: 0}
--- !u!137 &13716324
SkinnedMeshRenderer:
  m_ObjectHideFlags: 1
  m_PrefabParentObject: {fileID: 0}
  m_PrefabInternal: {fileID: 100100000}
  m_GameObject: {fileID: 175444}
  m_Enabled: 1
  m_CastShadows: 1
  m_ReceiveShadows: 1
  m_Materials:
  - {fileID: 2100000, guid: 82ba0c77607d6475c803092879a1ab14, type: 2}
  m_SubsetIndices: 
  m_StaticBatchRoot: {fileID: 0}
  m_UseLightProbes: 1
  m_ReflectionProbeUsage: 1
  m_ProbeAnchor: {fileID: 0}
  m_ScaleInLightmap: 1
  m_PreserveUVs: 0
  m_ImportantGI: 0
  m_AutoUVMaxDistance: .5
  m_AutoUVMaxAngle: 89
  m_LightmapParameters: {fileID: 0}
  m_SortingLayerID: 0
  m_SortingOrder: 0
  serializedVersion: 2
  m_Quality: 0
  m_UpdateWhenOffscreen: 0
  m_Mesh: {fileID: 10202, guid: 0000000000000000e000000000000000, type: 0}
  m_Bones: []
  m_BlendShapeWeights: []
  m_RootBone: {fileID: 0}
  m_AABB:
    m_Center: {x: 0, y: 0, z: 0}
    m_Extent: {x: .5, y: .5, z: .5}
  m_DirtyAABB: 0
--- !u!137 &13747858
SkinnedMeshRenderer:
  m_ObjectHideFlags: 1
  m_PrefabParentObject: {fileID: 0}
  m_PrefabInternal: {fileID: 100100000}
  m_GameObject: {fileID: 107822}
  m_Enabled: 1
  m_CastShadows: 1
  m_ReceiveShadows: 1
  m_Materials:
  - {fileID: 2100000, guid: 82ba0c77607d6475c803092879a1ab14, type: 2}
  m_SubsetIndices: 
  m_StaticBatchRoot: {fileID: 0}
  m_UseLightProbes: 1
  m_ReflectionProbeUsage: 1
  m_ProbeAnchor: {fileID: 0}
  m_ScaleInLightmap: 1
  m_PreserveUVs: 0
  m_ImportantGI: 0
  m_AutoUVMaxDistance: .5
  m_AutoUVMaxAngle: 89
  m_LightmapParameters: {fileID: 0}
  m_SortingLayerID: 0
  m_SortingOrder: 0
  serializedVersion: 2
  m_Quality: 0
  m_UpdateWhenOffscreen: 0
  m_Mesh: {fileID: 10202, guid: 0000000000000000e000000000000000, type: 0}
  m_Bones: []
  m_BlendShapeWeights: []
  m_RootBone: {fileID: 0}
  m_AABB:
    m_Center: {x: 0, y: 0, z: -.218124807}
    m_Extent: {x: .5, y: .5, z: .718124807}
  m_DirtyAABB: 0
--- !u!137 &13764630
SkinnedMeshRenderer:
  m_ObjectHideFlags: 1
  m_PrefabParentObject: {fileID: 0}
  m_PrefabInternal: {fileID: 100100000}
  m_GameObject: {fileID: 178846}
  m_Enabled: 1
  m_CastShadows: 1
  m_ReceiveShadows: 1
  m_Materials:
  - {fileID: 2100000, guid: 82ba0c77607d6475c803092879a1ab14, type: 2}
  m_SubsetIndices: 
  m_StaticBatchRoot: {fileID: 0}
  m_UseLightProbes: 1
  m_ReflectionProbeUsage: 1
  m_ProbeAnchor: {fileID: 0}
  m_ScaleInLightmap: 1
  m_PreserveUVs: 0
  m_ImportantGI: 0
  m_AutoUVMaxDistance: .5
  m_AutoUVMaxAngle: 89
  m_LightmapParameters: {fileID: 0}
  m_SortingLayerID: 0
  m_SortingOrder: 0
  serializedVersion: 2
  m_Quality: 0
  m_UpdateWhenOffscreen: 0
  m_Mesh: {fileID: 10202, guid: 0000000000000000e000000000000000, type: 0}
  m_Bones: []
  m_BlendShapeWeights: []
  m_RootBone: {fileID: 0}
  m_AABB:
    m_Center: {x: 0, y: 0, z: 0}
    m_Extent: {x: .5, y: .5, z: .5}
  m_DirtyAABB: 0
--- !u!137 &13790386
SkinnedMeshRenderer:
  m_ObjectHideFlags: 1
  m_PrefabParentObject: {fileID: 0}
  m_PrefabInternal: {fileID: 100100000}
  m_GameObject: {fileID: 172890}
  m_Enabled: 1
  m_CastShadows: 0
  m_ReceiveShadows: 1
  m_Materials:
  - {fileID: 2100000, guid: 9ef879aefaf8f408cbab0f5d53e74e1a, type: 2}
  m_SubsetIndices: 
  m_StaticBatchRoot: {fileID: 0}
  m_UseLightProbes: 1
  m_ReflectionProbeUsage: 1
  m_ProbeAnchor: {fileID: 0}
  m_ScaleInLightmap: 1
  m_PreserveUVs: 0
  m_ImportantGI: 0
  m_AutoUVMaxDistance: .5
  m_AutoUVMaxAngle: 89
  m_LightmapParameters: {fileID: 0}
  m_SortingLayerID: 0
  m_SortingOrder: 0
  serializedVersion: 2
  m_Quality: 0
  m_UpdateWhenOffscreen: 0
  m_Mesh: {fileID: 4300000, guid: 31c40fd1922d042debd435d26644d26a, type: 3}
  m_Bones: []
  m_BlendShapeWeights: []
  m_RootBone: {fileID: 405352}
  m_AABB:
    m_Center: {x: 0, y: 0, z: -1.49011612e-08}
    m_Extent: {x: .103499994, y: .0100878803, z: .0780006498}
  m_DirtyAABB: 0
--- !u!183 &18382156
Cloth:
  m_ObjectHideFlags: 1
  m_PrefabParentObject: {fileID: 0}
  m_PrefabInternal: {fileID: 100100000}
  m_GameObject: {fileID: 172890}
  m_Enabled: 1
  m_StretchingStiffness: 1
  m_BendingStiffness: 1
  m_UseTethers: 1
  m_UseGravity: 1
  m_Damping: 0
  m_ExternalAcceleration: {x: 2.96000004, y: .319999993, z: 2.94000006}
  m_RandomAcceleration: {x: 3.95000005, y: 1.75999999, z: 4.82999992}
  m_WorldVelocityScale: 1.39999998
  m_WorldAccelerationScale: 3.22000003
  m_Friction: 0
  m_CollisionMassScale: 200
  m_UseContinuousCollision: 1
  m_UseVirtualParticles: 1
  m_SolverFrequency: 120
  m_SleepThreshold: .100000001
  m_Coefficients:
  - maxDistance: 0
    collisionSphereDistance: 3.40282347e+38
  - maxDistance: 0
    collisionSphereDistance: 3.40282347e+38
  - maxDistance: 0
    collisionSphereDistance: 3.40282347e+38
  - maxDistance: 0
    collisionSphereDistance: 3.40282347e+38
  - maxDistance: 0
    collisionSphereDistance: 3.40282347e+38
  - maxDistance: 0
    collisionSphereDistance: 3.40282347e+38
  - maxDistance: 0
    collisionSphereDistance: 3.40282347e+38
  - maxDistance: 0
    collisionSphereDistance: 3.40282347e+38
  - maxDistance: 0
    collisionSphereDistance: 3.40282347e+38
  - maxDistance: 0
    collisionSphereDistance: 3.40282347e+38
  - maxDistance: 0
    collisionSphereDistance: 3.40282347e+38
  - maxDistance: 0
    collisionSphereDistance: 3.40282347e+38
  - maxDistance: 0
    collisionSphereDistance: 3.40282347e+38
  - maxDistance: 0
    collisionSphereDistance: 3.40282347e+38
  - maxDistance: 0
    collisionSphereDistance: 3.40282347e+38
  - maxDistance: 0
    collisionSphereDistance: 3.40282347e+38
  - maxDistance: 0
    collisionSphereDistance: 3.40282347e+38
  - maxDistance: 0
    collisionSphereDistance: 3.40282347e+38
  - maxDistance: 0
    collisionSphereDistance: 3.40282347e+38
  - maxDistance: 0
    collisionSphereDistance: 3.40282347e+38
  - maxDistance: 0
    collisionSphereDistance: 3.40282347e+38
  - maxDistance: 0
    collisionSphereDistance: 3.40282347e+38
  - maxDistance: 0
    collisionSphereDistance: 3.40282347e+38
  - maxDistance: 0
    collisionSphereDistance: 3.40282347e+38
  - maxDistance: 0
    collisionSphereDistance: 3.40282347e+38
  - maxDistance: 0
    collisionSphereDistance: 3.40282347e+38
  - maxDistance: 0
    collisionSphereDistance: 3.40282347e+38
  - maxDistance: 0
    collisionSphereDistance: 3.40282347e+38
  - maxDistance: 0
    collisionSphereDistance: 3.40282347e+38
  - maxDistance: 0
    collisionSphereDistance: 3.40282347e+38
  - maxDistance: 0
    collisionSphereDistance: 3.40282347e+38
  - maxDistance: 0
    collisionSphereDistance: 3.40282347e+38
  - maxDistance: 0
    collisionSphereDistance: 3.40282347e+38
  - maxDistance: 0
    collisionSphereDistance: 3.40282347e+38
  - maxDistance: 0
    collisionSphereDistance: 3.40282347e+38
  - maxDistance: 0
    collisionSphereDistance: 3.40282347e+38
  - maxDistance: 0
    collisionSphereDistance: 3.40282347e+38
  - maxDistance: 0
    collisionSphereDistance: 3.40282347e+38
  - maxDistance: 0
    collisionSphereDistance: 3.40282347e+38
  - maxDistance: 0
    collisionSphereDistance: 3.40282347e+38
  - maxDistance: 0
    collisionSphereDistance: 3.40282347e+38
  - maxDistance: 0
    collisionSphereDistance: 3.40282347e+38
  - maxDistance: 3.40282347e+38
    collisionSphereDistance: 3.40282347e+38
  - maxDistance: 3.40282347e+38
    collisionSphereDistance: 3.40282347e+38
  - maxDistance: 3.40282347e+38
    collisionSphereDistance: 3.40282347e+38
  - maxDistance: 3.40282347e+38
    collisionSphereDistance: 3.40282347e+38
  - maxDistance: 3.40282347e+38
    collisionSphereDistance: 3.40282347e+38
  - maxDistance: 3.40282347e+38
    collisionSphereDistance: 3.40282347e+38
  - maxDistance: 3.40282347e+38
    collisionSphereDistance: 3.40282347e+38
  - maxDistance: 3.40282347e+38
    collisionSphereDistance: 3.40282347e+38
  - maxDistance: 3.40282347e+38
    collisionSphereDistance: 3.40282347e+38
  - maxDistance: 3.40282347e+38
    collisionSphereDistance: 3.40282347e+38
  - maxDistance: 3.40282347e+38
    collisionSphereDistance: 3.40282347e+38
  - maxDistance: 3.40282347e+38
    collisionSphereDistance: 3.40282347e+38
  - maxDistance: 3.40282347e+38
    collisionSphereDistance: 3.40282347e+38
  - maxDistance: 3.40282347e+38
    collisionSphereDistance: 3.40282347e+38
  - maxDistance: 3.40282347e+38
    collisionSphereDistance: 3.40282347e+38
  - maxDistance: 3.40282347e+38
    collisionSphereDistance: 3.40282347e+38
  - maxDistance: 3.40282347e+38
    collisionSphereDistance: 3.40282347e+38
  - maxDistance: 3.40282347e+38
    collisionSphereDistance: 3.40282347e+38
  - maxDistance: 3.40282347e+38
    collisionSphereDistance: 3.40282347e+38
  - maxDistance: 3.40282347e+38
    collisionSphereDistance: 3.40282347e+38
  - maxDistance: 3.40282347e+38
    collisionSphereDistance: 3.40282347e+38
  - maxDistance: 3.40282347e+38
    collisionSphereDistance: 3.40282347e+38
  - maxDistance: 3.40282347e+38
    collisionSphereDistance: 3.40282347e+38
  - maxDistance: 3.40282347e+38
    collisionSphereDistance: 3.40282347e+38
  - maxDistance: 3.40282347e+38
    collisionSphereDistance: 3.40282347e+38
  - maxDistance: 3.40282347e+38
    collisionSphereDistance: 3.40282347e+38
  - maxDistance: 3.40282347e+38
    collisionSphereDistance: 3.40282347e+38
  - maxDistance: 3.40282347e+38
    collisionSphereDistance: 3.40282347e+38
  - maxDistance: 3.40282347e+38
    collisionSphereDistance: 3.40282347e+38
  - maxDistance: 3.40282347e+38
    collisionSphereDistance: 3.40282347e+38
  - maxDistance: 3.40282347e+38
    collisionSphereDistance: 3.40282347e+38
  - maxDistance: 3.40282347e+38
    collisionSphereDistance: 3.40282347e+38
  - maxDistance: 3.40282347e+38
    collisionSphereDistance: 3.40282347e+38
  - maxDistance: 3.40282347e+38
    collisionSphereDistance: 3.40282347e+38
  - maxDistance: 3.40282347e+38
    collisionSphereDistance: 3.40282347e+38
  - maxDistance: 3.40282347e+38
    collisionSphereDistance: 3.40282347e+38
  - maxDistance: 3.40282347e+38
    collisionSphereDistance: 3.40282347e+38
  - maxDistance: 3.40282347e+38
    collisionSphereDistance: 3.40282347e+38
  - maxDistance: 3.40282347e+38
    collisionSphereDistance: 3.40282347e+38
  - maxDistance: 3.40282347e+38
    collisionSphereDistance: 3.40282347e+38
  - maxDistance: 3.40282347e+38
    collisionSphereDistance: 3.40282347e+38
  - maxDistance: 3.40282347e+38
    collisionSphereDistance: 3.40282347e+38
  - maxDistance: 3.40282347e+38
    collisionSphereDistance: 3.40282347e+38
  - maxDistance: 3.40282347e+38
    collisionSphereDistance: 3.40282347e+38
  - maxDistance: 3.40282347e+38
    collisionSphereDistance: 3.40282347e+38
  - maxDistance: 3.40282347e+38
    collisionSphereDistance: 3.40282347e+38
  - maxDistance: 3.40282347e+38
    collisionSphereDistance: 3.40282347e+38
  - maxDistance: 3.40282347e+38
    collisionSphereDistance: 3.40282347e+38
  - maxDistance: 3.40282347e+38
    collisionSphereDistance: 3.40282347e+38
  - maxDistance: 3.40282347e+38
    collisionSphereDistance: 3.40282347e+38
  - maxDistance: 3.40282347e+38
    collisionSphereDistance: 3.40282347e+38
  - maxDistance: 3.40282347e+38
    collisionSphereDistance: 3.40282347e+38
  - maxDistance: 3.40282347e+38
    collisionSphereDistance: 3.40282347e+38
  - maxDistance: 3.40282347e+38
    collisionSphereDistance: 3.40282347e+38
  - maxDistance: 3.40282347e+38
    collisionSphereDistance: 3.40282347e+38
  - maxDistance: 3.40282347e+38
    collisionSphereDistance: 3.40282347e+38
  - maxDistance: 3.40282347e+38
    collisionSphereDistance: 3.40282347e+38
  - maxDistance: 3.40282347e+38
    collisionSphereDistance: 3.40282347e+38
  - maxDistance: 3.40282347e+38
    collisionSphereDistance: 3.40282347e+38
  - maxDistance: 3.40282347e+38
    collisionSphereDistance: 3.40282347e+38
  - maxDistance: 3.40282347e+38
    collisionSphereDistance: 3.40282347e+38
  - maxDistance: 3.40282347e+38
    collisionSphereDistance: 3.40282347e+38
  - maxDistance: 3.40282347e+38
    collisionSphereDistance: 3.40282347e+38
  - maxDistance: 3.40282347e+38
    collisionSphereDistance: 3.40282347e+38
  - maxDistance: 3.40282347e+38
    collisionSphereDistance: 3.40282347e+38
  - maxDistance: 3.40282347e+38
    collisionSphereDistance: 3.40282347e+38
  - maxDistance: 3.40282347e+38
    collisionSphereDistance: 3.40282347e+38
  - maxDistance: 3.40282347e+38
    collisionSphereDistance: 3.40282347e+38
  - maxDistance: 3.40282347e+38
    collisionSphereDistance: 3.40282347e+38
  - maxDistance: 3.40282347e+38
    collisionSphereDistance: 3.40282347e+38
  - maxDistance: 3.40282347e+38
    collisionSphereDistance: 3.40282347e+38
  - maxDistance: 3.40282347e+38
    collisionSphereDistance: 3.40282347e+38
  - maxDistance: 3.40282347e+38
    collisionSphereDistance: 3.40282347e+38
  - maxDistance: 3.40282347e+38
    collisionSphereDistance: 3.40282347e+38
  - maxDistance: 3.40282347e+38
    collisionSphereDistance: 3.40282347e+38
  - maxDistance: 3.40282347e+38
    collisionSphereDistance: 3.40282347e+38
  - maxDistance: 3.40282347e+38
    collisionSphereDistance: 3.40282347e+38
  - maxDistance: 3.40282347e+38
    collisionSphereDistance: 3.40282347e+38
  - maxDistance: 3.40282347e+38
    collisionSphereDistance: 3.40282347e+38
  - maxDistance: 3.40282347e+38
    collisionSphereDistance: 3.40282347e+38
  - maxDistance: 3.40282347e+38
    collisionSphereDistance: 3.40282347e+38
  - maxDistance: 3.40282347e+38
    collisionSphereDistance: 3.40282347e+38
  - maxDistance: 3.40282347e+38
    collisionSphereDistance: 3.40282347e+38
  - maxDistance: 3.40282347e+38
    collisionSphereDistance: 3.40282347e+38
  - maxDistance: 3.40282347e+38
    collisionSphereDistance: 3.40282347e+38
  - maxDistance: 3.40282347e+38
    collisionSphereDistance: 3.40282347e+38
  - maxDistance: 3.40282347e+38
    collisionSphereDistance: 3.40282347e+38
  - maxDistance: 3.40282347e+38
    collisionSphereDistance: 3.40282347e+38
  - maxDistance: 3.40282347e+38
    collisionSphereDistance: 3.40282347e+38
  - maxDistance: 3.40282347e+38
    collisionSphereDistance: 3.40282347e+38
  - maxDistance: 3.40282347e+38
    collisionSphereDistance: 3.40282347e+38
  - maxDistance: 3.40282347e+38
    collisionSphereDistance: 3.40282347e+38
  - maxDistance: 3.40282347e+38
    collisionSphereDistance: 3.40282347e+38
  - maxDistance: 3.40282347e+38
    collisionSphereDistance: 3.40282347e+38
  - maxDistance: 3.40282347e+38
    collisionSphereDistance: 3.40282347e+38
  - maxDistance: 3.40282347e+38
    collisionSphereDistance: 3.40282347e+38
  - maxDistance: 3.40282347e+38
    collisionSphereDistance: 3.40282347e+38
  - maxDistance: 3.40282347e+38
    collisionSphereDistance: 3.40282347e+38
  - maxDistance: 3.40282347e+38
    collisionSphereDistance: 3.40282347e+38
  - maxDistance: 3.40282347e+38
    collisionSphereDistance: 3.40282347e+38
  - maxDistance: 3.40282347e+38
    collisionSphereDistance: 3.40282347e+38
  - maxDistance: 3.40282347e+38
    collisionSphereDistance: 3.40282347e+38
  - maxDistance: 3.40282347e+38
    collisionSphereDistance: 3.40282347e+38
  - maxDistance: 3.40282347e+38
    collisionSphereDistance: 3.40282347e+38
  - maxDistance: 3.40282347e+38
    collisionSphereDistance: 3.40282347e+38
  - maxDistance: 3.40282347e+38
    collisionSphereDistance: 3.40282347e+38
  - maxDistance: 3.40282347e+38
    collisionSphereDistance: 3.40282347e+38
  - maxDistance: 3.40282347e+38
    collisionSphereDistance: 3.40282347e+38
  - maxDistance: 3.40282347e+38
    collisionSphereDistance: 3.40282347e+38
  - maxDistance: 3.40282347e+38
    collisionSphereDistance: 3.40282347e+38
  - maxDistance: 3.40282347e+38
    collisionSphereDistance: 3.40282347e+38
  - maxDistance: 3.40282347e+38
    collisionSphereDistance: 3.40282347e+38
  - maxDistance: 3.40282347e+38
    collisionSphereDistance: 3.40282347e+38
  - maxDistance: 3.40282347e+38
    collisionSphereDistance: 3.40282347e+38
  - maxDistance: 3.40282347e+38
    collisionSphereDistance: 3.40282347e+38
  - maxDistance: 3.40282347e+38
    collisionSphereDistance: 3.40282347e+38
  - maxDistance: 3.40282347e+38
    collisionSphereDistance: 3.40282347e+38
  - maxDistance: 3.40282347e+38
    collisionSphereDistance: 3.40282347e+38
  - maxDistance: 3.40282347e+38
    collisionSphereDistance: 3.40282347e+38
  - maxDistance: 3.40282347e+38
    collisionSphereDistance: 3.40282347e+38
  - maxDistance: 3.40282347e+38
    collisionSphereDistance: 3.40282347e+38
  - maxDistance: 3.40282347e+38
    collisionSphereDistance: 3.40282347e+38
  - maxDistance: 3.40282347e+38
    collisionSphereDistance: 3.40282347e+38
  - maxDistance: 3.40282347e+38
    collisionSphereDistance: 3.40282347e+38
  - maxDistance: 3.40282347e+38
    collisionSphereDistance: 3.40282347e+38
  - maxDistance: 3.40282347e+38
    collisionSphereDistance: 3.40282347e+38
  - maxDistance: 3.40282347e+38
    collisionSphereDistance: 3.40282347e+38
  - maxDistance: 3.40282347e+38
    collisionSphereDistance: 3.40282347e+38
  - maxDistance: 3.40282347e+38
    collisionSphereDistance: 3.40282347e+38
  - maxDistance: 3.40282347e+38
    collisionSphereDistance: 3.40282347e+38
  - maxDistance: 3.40282347e+38
    collisionSphereDistance: 3.40282347e+38
  - maxDistance: 3.40282347e+38
    collisionSphereDistance: 3.40282347e+38
  - maxDistance: 3.40282347e+38
    collisionSphereDistance: 3.40282347e+38
  - maxDistance: 3.40282347e+38
    collisionSphereDistance: 3.40282347e+38
  - maxDistance: 3.40282347e+38
    collisionSphereDistance: 3.40282347e+38
  - maxDistance: 3.40282347e+38
    collisionSphereDistance: 3.40282347e+38
  - maxDistance: 3.40282347e+38
    collisionSphereDistance: 3.40282347e+38
  - maxDistance: 3.40282347e+38
    collisionSphereDistance: 3.40282347e+38
  - maxDistance: 3.40282347e+38
    collisionSphereDistance: 3.40282347e+38
  - maxDistance: 3.40282347e+38
    collisionSphereDistance: 3.40282347e+38
  - maxDistance: 3.40282347e+38
    collisionSphereDistance: 3.40282347e+38
  - maxDistance: 3.40282347e+38
    collisionSphereDistance: 3.40282347e+38
  - maxDistance: 3.40282347e+38
    collisionSphereDistance: 3.40282347e+38
  - maxDistance: 3.40282347e+38
    collisionSphereDistance: 3.40282347e+38
  - maxDistance: 3.40282347e+38
    collisionSphereDistance: 3.40282347e+38
  - maxDistance: 3.40282347e+38
    collisionSphereDistance: 3.40282347e+38
  - maxDistance: 3.40282347e+38
    collisionSphereDistance: 3.40282347e+38
  - maxDistance: 3.40282347e+38
    collisionSphereDistance: 3.40282347e+38
  - maxDistance: 3.40282347e+38
    collisionSphereDistance: 3.40282347e+38
  - maxDistance: 3.40282347e+38
    collisionSphereDistance: 3.40282347e+38
  - maxDistance: 3.40282347e+38
    collisionSphereDistance: 3.40282347e+38
  - maxDistance: 3.40282347e+38
    collisionSphereDistance: 3.40282347e+38
  - maxDistance: 3.40282347e+38
    collisionSphereDistance: 3.40282347e+38
  - maxDistance: 3.40282347e+38
    collisionSphereDistance: 3.40282347e+38
  - maxDistance: 3.40282347e+38
    collisionSphereDistance: 3.40282347e+38
  - maxDistance: 3.40282347e+38
    collisionSphereDistance: 3.40282347e+38
  - maxDistance: 3.40282347e+38
    collisionSphereDistance: 3.40282347e+38
  - maxDistance: 3.40282347e+38
    collisionSphereDistance: 3.40282347e+38
  - maxDistance: 3.40282347e+38
    collisionSphereDistance: 3.40282347e+38
  - maxDistance: 3.40282347e+38
    collisionSphereDistance: 3.40282347e+38
  - maxDistance: 3.40282347e+38
    collisionSphereDistance: 3.40282347e+38
  - maxDistance: 3.40282347e+38
    collisionSphereDistance: 3.40282347e+38
  - maxDistance: 3.40282347e+38
    collisionSphereDistance: 3.40282347e+38
  - maxDistance: 3.40282347e+38
    collisionSphereDistance: 3.40282347e+38
  - maxDistance: 3.40282347e+38
    collisionSphereDistance: 3.40282347e+38
  - maxDistance: 3.40282347e+38
    collisionSphereDistance: 3.40282347e+38
  - maxDistance: 3.40282347e+38
    collisionSphereDistance: 3.40282347e+38
  - maxDistance: 3.40282347e+38
    collisionSphereDistance: 3.40282347e+38
  - maxDistance: 3.40282347e+38
    collisionSphereDistance: 3.40282347e+38
  - maxDistance: 3.40282347e+38
    collisionSphereDistance: 3.40282347e+38
  - maxDistance: 3.40282347e+38
    collisionSphereDistance: 3.40282347e+38
  - maxDistance: 3.40282347e+38
    collisionSphereDistance: 3.40282347e+38
  - maxDistance: 3.40282347e+38
    collisionSphereDistance: 3.40282347e+38
  - maxDistance: 3.40282347e+38
    collisionSphereDistance: 3.40282347e+38
  - maxDistance: 3.40282347e+38
    collisionSphereDistance: 3.40282347e+38
  - maxDistance: 3.40282347e+38
    collisionSphereDistance: 3.40282347e+38
  - maxDistance: 3.40282347e+38
    collisionSphereDistance: 3.40282347e+38
  - maxDistance: 3.40282347e+38
    collisionSphereDistance: 3.40282347e+38
  - maxDistance: 3.40282347e+38
    collisionSphereDistance: 3.40282347e+38
  - maxDistance: 3.40282347e+38
    collisionSphereDistance: 3.40282347e+38
  - maxDistance: 3.40282347e+38
    collisionSphereDistance: 3.40282347e+38
  - maxDistance: 3.40282347e+38
    collisionSphereDistance: 3.40282347e+38
  - maxDistance: 3.40282347e+38
    collisionSphereDistance: 3.40282347e+38
  - maxDistance: 3.40282347e+38
    collisionSphereDistance: 3.40282347e+38
  - maxDistance: 3.40282347e+38
    collisionSphereDistance: 3.40282347e+38
  - maxDistance: 3.40282347e+38
    collisionSphereDistance: 3.40282347e+38
  - maxDistance: 3.40282347e+38
    collisionSphereDistance: 3.40282347e+38
  - maxDistance: 3.40282347e+38
    collisionSphereDistance: 3.40282347e+38
  - maxDistance: 3.40282347e+38
    collisionSphereDistance: 3.40282347e+38
  - maxDistance: 3.40282347e+38
    collisionSphereDistance: 3.40282347e+38
  - maxDistance: 3.40282347e+38
    collisionSphereDistance: 3.40282347e+38
  - maxDistance: 3.40282347e+38
    collisionSphereDistance: 3.40282347e+38
  - maxDistance: 3.40282347e+38
    collisionSphereDistance: 3.40282347e+38
  - maxDistance: 3.40282347e+38
    collisionSphereDistance: 3.40282347e+38
  - maxDistance: 3.40282347e+38
    collisionSphereDistance: 3.40282347e+38
  - maxDistance: 3.40282347e+38
    collisionSphereDistance: 3.40282347e+38
  - maxDistance: 3.40282347e+38
    collisionSphereDistance: 3.40282347e+38
  - maxDistance: 3.40282347e+38
    collisionSphereDistance: 3.40282347e+38
  - maxDistance: 3.40282347e+38
    collisionSphereDistance: 3.40282347e+38
  - maxDistance: 3.40282347e+38
    collisionSphereDistance: 3.40282347e+38
  - maxDistance: 3.40282347e+38
    collisionSphereDistance: 3.40282347e+38
  - maxDistance: 3.40282347e+38
    collisionSphereDistance: 3.40282347e+38
  - maxDistance: 3.40282347e+38
    collisionSphereDistance: 3.40282347e+38
  - maxDistance: 3.40282347e+38
    collisionSphereDistance: 3.40282347e+38
  - maxDistance: 3.40282347e+38
    collisionSphereDistance: 3.40282347e+38
  - maxDistance: 3.40282347e+38
    collisionSphereDistance: 3.40282347e+38
  - maxDistance: 3.40282347e+38
    collisionSphereDistance: 3.40282347e+38
  - maxDistance: 3.40282347e+38
    collisionSphereDistance: 3.40282347e+38
  - maxDistance: 3.40282347e+38
    collisionSphereDistance: 3.40282347e+38
  - maxDistance: 3.40282347e+38
    collisionSphereDistance: 3.40282347e+38
  - maxDistance: 3.40282347e+38
    collisionSphereDistance: 3.40282347e+38
  - maxDistance: 3.40282347e+38
    collisionSphereDistance: 3.40282347e+38
  - maxDistance: 3.40282347e+38
    collisionSphereDistance: 3.40282347e+38
  - maxDistance: 3.40282347e+38
    collisionSphereDistance: 3.40282347e+38
  - maxDistance: 3.40282347e+38
    collisionSphereDistance: 3.40282347e+38
  - maxDistance: 3.40282347e+38
    collisionSphereDistance: 3.40282347e+38
  - maxDistance: 3.40282347e+38
    collisionSphereDistance: 3.40282347e+38
  - maxDistance: 3.40282347e+38
    collisionSphereDistance: 3.40282347e+38
  - maxDistance: 3.40282347e+38
    collisionSphereDistance: 3.40282347e+38
  - maxDistance: 3.40282347e+38
    collisionSphereDistance: 3.40282347e+38
  - maxDistance: 3.40282347e+38
    collisionSphereDistance: 3.40282347e+38
  - maxDistance: 3.40282347e+38
    collisionSphereDistance: 3.40282347e+38
  - maxDistance: 3.40282347e+38
    collisionSphereDistance: 3.40282347e+38
  - maxDistance: 3.40282347e+38
    collisionSphereDistance: 3.40282347e+38
  - maxDistance: 3.40282347e+38
    collisionSphereDistance: 3.40282347e+38
  - maxDistance: 3.40282347e+38
    collisionSphereDistance: 3.40282347e+38
  - maxDistance: 3.40282347e+38
    collisionSphereDistance: 3.40282347e+38
  - maxDistance: 3.40282347e+38
    collisionSphereDistance: 3.40282347e+38
  - maxDistance: 3.40282347e+38
    collisionSphereDistance: 3.40282347e+38
  - maxDistance: 3.40282347e+38
    collisionSphereDistance: 3.40282347e+38
  - maxDistance: 3.40282347e+38
    collisionSphereDistance: 3.40282347e+38
  - maxDistance: 3.40282347e+38
    collisionSphereDistance: 3.40282347e+38
  - maxDistance: 3.40282347e+38
    collisionSphereDistance: 3.40282347e+38
  - maxDistance: 3.40282347e+38
    collisionSphereDistance: 3.40282347e+38
  - maxDistance: 3.40282347e+38
    collisionSphereDistance: 3.40282347e+38
  - maxDistance: 3.40282347e+38
    collisionSphereDistance: 3.40282347e+38
  - maxDistance: 3.40282347e+38
    collisionSphereDistance: 3.40282347e+38
  - maxDistance: 3.40282347e+38
    collisionSphereDistance: 3.40282347e+38
  - maxDistance: 3.40282347e+38
    collisionSphereDistance: 3.40282347e+38
  - maxDistance: 3.40282347e+38
    collisionSphereDistance: 3.40282347e+38
  - maxDistance: 3.40282347e+38
    collisionSphereDistance: 3.40282347e+38
  - maxDistance: 3.40282347e+38
    collisionSphereDistance: 3.40282347e+38
  - maxDistance: 3.40282347e+38
    collisionSphereDistance: 3.40282347e+38
  - maxDistance: 3.40282347e+38
    collisionSphereDistance: 3.40282347e+38
  - maxDistance: 3.40282347e+38
    collisionSphereDistance: 3.40282347e+38
  - maxDistance: 3.40282347e+38
    collisionSphereDistance: 3.40282347e+38
  - maxDistance: 3.40282347e+38
    collisionSphereDistance: 3.40282347e+38
  - maxDistance: 3.40282347e+38
    collisionSphereDistance: 3.40282347e+38
  - maxDistance: 3.40282347e+38
    collisionSphereDistance: 3.40282347e+38
  - maxDistance: 3.40282347e+38
    collisionSphereDistance: 3.40282347e+38
  - maxDistance: 3.40282347e+38
    collisionSphereDistance: 3.40282347e+38
  - maxDistance: 3.40282347e+38
    collisionSphereDistance: 3.40282347e+38
  - maxDistance: 3.40282347e+38
    collisionSphereDistance: 3.40282347e+38
  - maxDistance: 3.40282347e+38
    collisionSphereDistance: 3.40282347e+38
  - maxDistance: 3.40282347e+38
    collisionSphereDistance: 3.40282347e+38
  - maxDistance: 3.40282347e+38
    collisionSphereDistance: 3.40282347e+38
  - maxDistance: 3.40282347e+38
    collisionSphereDistance: 3.40282347e+38
  - maxDistance: 3.40282347e+38
    collisionSphereDistance: 3.40282347e+38
  - maxDistance: 3.40282347e+38
    collisionSphereDistance: 3.40282347e+38
  - maxDistance: 3.40282347e+38
    collisionSphereDistance: 3.40282347e+38
  - maxDistance: 3.40282347e+38
    collisionSphereDistance: 3.40282347e+38
  - maxDistance: 3.40282347e+38
    collisionSphereDistance: 3.40282347e+38
  - maxDistance: 3.40282347e+38
    collisionSphereDistance: 3.40282347e+38
  - maxDistance: 3.40282347e+38
    collisionSphereDistance: 3.40282347e+38
  - maxDistance: 3.40282347e+38
    collisionSphereDistance: 3.40282347e+38
  - maxDistance: 3.40282347e+38
    collisionSphereDistance: 3.40282347e+38
  - maxDistance: 3.40282347e+38
    collisionSphereDistance: 3.40282347e+38
  - maxDistance: 3.40282347e+38
    collisionSphereDistance: 3.40282347e+38
  - maxDistance: 3.40282347e+38
    collisionSphereDistance: 3.40282347e+38
  - maxDistance: 3.40282347e+38
    collisionSphereDistance: 3.40282347e+38
  - maxDistance: 3.40282347e+38
    collisionSphereDistance: 3.40282347e+38
  - maxDistance: 3.40282347e+38
    collisionSphereDistance: 3.40282347e+38
  - maxDistance: 3.40282347e+38
    collisionSphereDistance: 3.40282347e+38
  - maxDistance: 3.40282347e+38
    collisionSphereDistance: 3.40282347e+38
  - maxDistance: 3.40282347e+38
    collisionSphereDistance: 3.40282347e+38
  - maxDistance: 3.40282347e+38
    collisionSphereDistance: 3.40282347e+38
  - maxDistance: 3.40282347e+38
    collisionSphereDistance: 3.40282347e+38
  - maxDistance: 3.40282347e+38
    collisionSphereDistance: 3.40282347e+38
  - maxDistance: 3.40282347e+38
    collisionSphereDistance: 3.40282347e+38
  - maxDistance: 3.40282347e+38
    collisionSphereDistance: 3.40282347e+38
  - maxDistance: 3.40282347e+38
    collisionSphereDistance: 3.40282347e+38
  - maxDistance: 3.40282347e+38
    collisionSphereDistance: 3.40282347e+38
  - maxDistance: 3.40282347e+38
    collisionSphereDistance: 3.40282347e+38
  - maxDistance: 3.40282347e+38
    collisionSphereDistance: 3.40282347e+38
  - maxDistance: 3.40282347e+38
    collisionSphereDistance: 3.40282347e+38
  - maxDistance: 3.40282347e+38
    collisionSphereDistance: 3.40282347e+38
  - maxDistance: 3.40282347e+38
    collisionSphereDistance: 3.40282347e+38
  - maxDistance: 3.40282347e+38
    collisionSphereDistance: 3.40282347e+38
  - maxDistance: 3.40282347e+38
    collisionSphereDistance: 3.40282347e+38
  - maxDistance: 3.40282347e+38
    collisionSphereDistance: 3.40282347e+38
  - maxDistance: 3.40282347e+38
    collisionSphereDistance: 3.40282347e+38
  - maxDistance: 3.40282347e+38
    collisionSphereDistance: 3.40282347e+38
  - maxDistance: 3.40282347e+38
    collisionSphereDistance: 3.40282347e+38
  - maxDistance: 3.40282347e+38
    collisionSphereDistance: 3.40282347e+38
  - maxDistance: 3.40282347e+38
    collisionSphereDistance: 3.40282347e+38
  - maxDistance: 3.40282347e+38
    collisionSphereDistance: 3.40282347e+38
  - maxDistance: 3.40282347e+38
    collisionSphereDistance: 3.40282347e+38
  - maxDistance: 3.40282347e+38
    collisionSphereDistance: 3.40282347e+38
  - maxDistance: 3.40282347e+38
    collisionSphereDistance: 3.40282347e+38
  - maxDistance: 3.40282347e+38
    collisionSphereDistance: 3.40282347e+38
  - maxDistance: 3.40282347e+38
    collisionSphereDistance: 3.40282347e+38
  - maxDistance: 3.40282347e+38
    collisionSphereDistance: 3.40282347e+38
  - maxDistance: 3.40282347e+38
    collisionSphereDistance: 3.40282347e+38
  - maxDistance: 3.40282347e+38
    collisionSphereDistance: 3.40282347e+38
  - maxDistance: 3.40282347e+38
    collisionSphereDistance: 3.40282347e+38
  - maxDistance: 3.40282347e+38
    collisionSphereDistance: 3.40282347e+38
  - maxDistance: 3.40282347e+38
    collisionSphereDistance: 3.40282347e+38
  - maxDistance: 3.40282347e+38
    collisionSphereDistance: 3.40282347e+38
  - maxDistance: 3.40282347e+38
    collisionSphereDistance: 3.40282347e+38
  - maxDistance: 3.40282347e+38
    collisionSphereDistance: 3.40282347e+38
  - maxDistance: 3.40282347e+38
    collisionSphereDistance: 3.40282347e+38
  - maxDistance: 3.40282347e+38
    collisionSphereDistance: 3.40282347e+38
  - maxDistance: 3.40282347e+38
    collisionSphereDistance: 3.40282347e+38
  - maxDistance: 3.40282347e+38
    collisionSphereDistance: 3.40282347e+38
  - maxDistance: 3.40282347e+38
    collisionSphereDistance: 3.40282347e+38
  - maxDistance: 3.40282347e+38
    collisionSphereDistance: 3.40282347e+38
  - maxDistance: 3.40282347e+38
    collisionSphereDistance: 3.40282347e+38
  - maxDistance: 3.40282347e+38
    collisionSphereDistance: 3.40282347e+38
  - maxDistance: 3.40282347e+38
    collisionSphereDistance: 3.40282347e+38
  - maxDistance: 3.40282347e+38
    collisionSphereDistance: 3.40282347e+38
  - maxDistance: 3.40282347e+38
    collisionSphereDistance: 3.40282347e+38
  - maxDistance: 3.40282347e+38
    collisionSphereDistance: 3.40282347e+38
  - maxDistance: 3.40282347e+38
    collisionSphereDistance: 3.40282347e+38
  - maxDistance: 3.40282347e+38
    collisionSphereDistance: 3.40282347e+38
  - maxDistance: 3.40282347e+38
    collisionSphereDistance: 3.40282347e+38
  - maxDistance: 3.40282347e+38
    collisionSphereDistance: 3.40282347e+38
  - maxDistance: 3.40282347e+38
    collisionSphereDistance: 3.40282347e+38
  - maxDistance: 3.40282347e+38
    collisionSphereDistance: 3.40282347e+38
  - maxDistance: 3.40282347e+38
    collisionSphereDistance: 3.40282347e+38
  - maxDistance: 3.40282347e+38
    collisionSphereDistance: 3.40282347e+38
  - maxDistance: 3.40282347e+38
    collisionSphereDistance: 3.40282347e+38
  - maxDistance: 3.40282347e+38
    collisionSphereDistance: 3.40282347e+38
  - maxDistance: 3.40282347e+38
    collisionSphereDistance: 3.40282347e+38
  - maxDistance: 3.40282347e+38
    collisionSphereDistance: 3.40282347e+38
  - maxDistance: 3.40282347e+38
    collisionSphereDistance: 3.40282347e+38
  - maxDistance: 3.40282347e+38
    collisionSphereDistance: 3.40282347e+38
  - maxDistance: 3.40282347e+38
    collisionSphereDistance: 3.40282347e+38
  - maxDistance: 3.40282347e+38
    collisionSphereDistance: 3.40282347e+38
  - maxDistance: 3.40282347e+38
    collisionSphereDistance: 3.40282347e+38
  - maxDistance: 3.40282347e+38
    collisionSphereDistance: 3.40282347e+38
  - maxDistance: 3.40282347e+38
    collisionSphereDistance: 3.40282347e+38
  - maxDistance: 3.40282347e+38
    collisionSphereDistance: 3.40282347e+38
  - maxDistance: 3.40282347e+38
    collisionSphereDistance: 3.40282347e+38
  - maxDistance: 3.40282347e+38
    collisionSphereDistance: 3.40282347e+38
  - maxDistance: 3.40282347e+38
    collisionSphereDistance: 3.40282347e+38
  - maxDistance: 3.40282347e+38
    collisionSphereDistance: 3.40282347e+38
  - maxDistance: 3.40282347e+38
    collisionSphereDistance: 3.40282347e+38
  - maxDistance: 3.40282347e+38
    collisionSphereDistance: 3.40282347e+38
  - maxDistance: 3.40282347e+38
    collisionSphereDistance: 3.40282347e+38
  - maxDistance: 3.40282347e+38
    collisionSphereDistance: 3.40282347e+38
  - maxDistance: 3.40282347e+38
    collisionSphereDistance: 3.40282347e+38
  - maxDistance: 3.40282347e+38
    collisionSphereDistance: 3.40282347e+38
  - maxDistance: 3.40282347e+38
    collisionSphereDistance: 3.40282347e+38
  - maxDistance: 3.40282347e+38
    collisionSphereDistance: 3.40282347e+38
  - maxDistance: 3.40282347e+38
    collisionSphereDistance: 3.40282347e+38
  - maxDistance: 3.40282347e+38
    collisionSphereDistance: 3.40282347e+38
  - maxDistance: 3.40282347e+38
    collisionSphereDistance: 3.40282347e+38
  - maxDistance: 3.40282347e+38
    collisionSphereDistance: 3.40282347e+38
  - maxDistance: 3.40282347e+38
    collisionSphereDistance: 3.40282347e+38
  - maxDistance: 3.40282347e+38
    collisionSphereDistance: 3.40282347e+38
  - maxDistance: 3.40282347e+38
    collisionSphereDistance: 3.40282347e+38
  - maxDistance: 3.40282347e+38
    collisionSphereDistance: 3.40282347e+38
  - maxDistance: 3.40282347e+38
    collisionSphereDistance: 3.40282347e+38
  - maxDistance: 3.40282347e+38
    collisionSphereDistance: 3.40282347e+38
  - maxDistance: 3.40282347e+38
    collisionSphereDistance: 3.40282347e+38
  - maxDistance: 3.40282347e+38
    collisionSphereDistance: 3.40282347e+38
  - maxDistance: 3.40282347e+38
    collisionSphereDistance: 3.40282347e+38
  - maxDistance: 3.40282347e+38
    collisionSphereDistance: 3.40282347e+38
  - maxDistance: 3.40282347e+38
    collisionSphereDistance: 3.40282347e+38
  - maxDistance: 3.40282347e+38
    collisionSphereDistance: 3.40282347e+38
  - maxDistance: 3.40282347e+38
    collisionSphereDistance: 3.40282347e+38
  - maxDistance: 3.40282347e+38
    collisionSphereDistance: 3.40282347e+38
  - maxDistance: 3.40282347e+38
    collisionSphereDistance: 3.40282347e+38
  - maxDistance: 3.40282347e+38
    collisionSphereDistance: 3.40282347e+38
  - maxDistance: 3.40282347e+38
    collisionSphereDistance: 3.40282347e+38
  - maxDistance: 3.40282347e+38
    collisionSphereDistance: 3.40282347e+38
  - maxDistance: 3.40282347e+38
    collisionSphereDistance: 3.40282347e+38
  - maxDistance: 3.40282347e+38
    collisionSphereDistance: 3.40282347e+38
  - maxDistance: 3.40282347e+38
    collisionSphereDistance: 3.40282347e+38
  - maxDistance: 3.40282347e+38
    collisionSphereDistance: 3.40282347e+38
  - maxDistance: 3.40282347e+38
    collisionSphereDistance: 3.40282347e+38
  - maxDistance: 3.40282347e+38
    collisionSphereDistance: 3.40282347e+38
  - maxDistance: 3.40282347e+38
    collisionSphereDistance: 3.40282347e+38
  - maxDistance: 3.40282347e+38
    collisionSphereDistance: 3.40282347e+38
  - maxDistance: 3.40282347e+38
    collisionSphereDistance: 3.40282347e+38
  - maxDistance: 3.40282347e+38
    collisionSphereDistance: 3.40282347e+38
  - maxDistance: 3.40282347e+38
    collisionSphereDistance: 3.40282347e+38
  - maxDistance: 3.40282347e+38
    collisionSphereDistance: 3.40282347e+38
  - maxDistance: 3.40282347e+38
    collisionSphereDistance: 3.40282347e+38
  - maxDistance: 3.40282347e+38
    collisionSphereDistance: 3.40282347e+38
  - maxDistance: 3.40282347e+38
    collisionSphereDistance: 3.40282347e+38
  - maxDistance: 3.40282347e+38
    collisionSphereDistance: 3.40282347e+38
  - maxDistance: 3.40282347e+38
    collisionSphereDistance: 3.40282347e+38
  - maxDistance: 3.40282347e+38
    collisionSphereDistance: 3.40282347e+38
  - maxDistance: 3.40282347e+38
    collisionSphereDistance: 3.40282347e+38
  - maxDistance: 3.40282347e+38
    collisionSphereDistance: 3.40282347e+38
  - maxDistance: 3.40282347e+38
    collisionSphereDistance: 3.40282347e+38
  - maxDistance: 3.40282347e+38
    collisionSphereDistance: 3.40282347e+38
  - maxDistance: 3.40282347e+38
    collisionSphereDistance: 3.40282347e+38
  - maxDistance: 3.40282347e+38
    collisionSphereDistance: 3.40282347e+38
  - maxDistance: 3.40282347e+38
    collisionSphereDistance: 3.40282347e+38
  - maxDistance: 3.40282347e+38
    collisionSphereDistance: 3.40282347e+38
  - maxDistance: 3.40282347e+38
    collisionSphereDistance: 3.40282347e+38
  - maxDistance: 3.40282347e+38
    collisionSphereDistance: 3.40282347e+38
  - maxDistance: 3.40282347e+38
    collisionSphereDistance: 3.40282347e+38
  - maxDistance: 3.40282347e+38
    collisionSphereDistance: 3.40282347e+38
  - maxDistance: 3.40282347e+38
    collisionSphereDistance: 3.40282347e+38
  - maxDistance: 3.40282347e+38
    collisionSphereDistance: 3.40282347e+38
  - maxDistance: 3.40282347e+38
    collisionSphereDistance: 3.40282347e+38
  - maxDistance: 3.40282347e+38
    collisionSphereDistance: 3.40282347e+38
  - maxDistance: 3.40282347e+38
    collisionSphereDistance: 3.40282347e+38
  - maxDistance: 3.40282347e+38
    collisionSphereDistance: 3.40282347e+38
  - maxDistance: 3.40282347e+38
    collisionSphereDistance: 3.40282347e+38
  - maxDistance: 3.40282347e+38
    collisionSphereDistance: 3.40282347e+38
  - maxDistance: 3.40282347e+38
    collisionSphereDistance: 3.40282347e+38
  - maxDistance: 3.40282347e+38
    collisionSphereDistance: 3.40282347e+38
  - maxDistance: 3.40282347e+38
    collisionSphereDistance: 3.40282347e+38
  - maxDistance: 3.40282347e+38
    collisionSphereDistance: 3.40282347e+38
  - maxDistance: 3.40282347e+38
    collisionSphereDistance: 3.40282347e+38
  - maxDistance: 3.40282347e+38
    collisionSphereDistance: 3.40282347e+38
  - maxDistance: 3.40282347e+38
    collisionSphereDistance: 3.40282347e+38
  - maxDistance: 3.40282347e+38
    collisionSphereDistance: 3.40282347e+38
  - maxDistance: 3.40282347e+38
    collisionSphereDistance: 3.40282347e+38
  - maxDistance: 3.40282347e+38
    collisionSphereDistance: 3.40282347e+38
  - maxDistance: 3.40282347e+38
    collisionSphereDistance: 3.40282347e+38
  - maxDistance: 3.40282347e+38
    collisionSphereDistance: 3.40282347e+38
  - maxDistance: 3.40282347e+38
    collisionSphereDistance: 3.40282347e+38
  - maxDistance: 3.40282347e+38
    collisionSphereDistance: 3.40282347e+38
  - maxDistance: 3.40282347e+38
    collisionSphereDistance: 3.40282347e+38
  - maxDistance: 3.40282347e+38
    collisionSphereDistance: 3.40282347e+38
  - maxDistance: 3.40282347e+38
    collisionSphereDistance: 3.40282347e+38
  - maxDistance: 3.40282347e+38
    collisionSphereDistance: 3.40282347e+38
  - maxDistance: 3.40282347e+38
    collisionSphereDistance: 3.40282347e+38
  - maxDistance: 3.40282347e+38
    collisionSphereDistance: 3.40282347e+38
  - maxDistance: 3.40282347e+38
    collisionSphereDistance: 3.40282347e+38
  - maxDistance: 3.40282347e+38
    collisionSphereDistance: 3.40282347e+38
  - maxDistance: 3.40282347e+38
    collisionSphereDistance: 3.40282347e+38
  - maxDistance: 3.40282347e+38
    collisionSphereDistance: 3.40282347e+38
  - maxDistance: 3.40282347e+38
    collisionSphereDistance: 3.40282347e+38
  - maxDistance: 3.40282347e+38
    collisionSphereDistance: 3.40282347e+38
  - maxDistance: 3.40282347e+38
    collisionSphereDistance: 3.40282347e+38
  - maxDistance: 3.40282347e+38
    collisionSphereDistance: 3.40282347e+38
  - maxDistance: 3.40282347e+38
    collisionSphereDistance: 3.40282347e+38
  - maxDistance: 3.40282347e+38
    collisionSphereDistance: 3.40282347e+38
  - maxDistance: 3.40282347e+38
    collisionSphereDistance: 3.40282347e+38
  - maxDistance: 3.40282347e+38
    collisionSphereDistance: 3.40282347e+38
  - maxDistance: 3.40282347e+38
    collisionSphereDistance: 3.40282347e+38
  - maxDistance: 3.40282347e+38
    collisionSphereDistance: 3.40282347e+38
  - maxDistance: 3.40282347e+38
    collisionSphereDistance: 3.40282347e+38
  - maxDistance: 3.40282347e+38
    collisionSphereDistance: 3.40282347e+38
  - maxDistance: 3.40282347e+38
    collisionSphereDistance: 3.40282347e+38
  - maxDistance: 3.40282347e+38
    collisionSphereDistance: 3.40282347e+38
  - maxDistance: 3.40282347e+38
    collisionSphereDistance: 3.40282347e+38
  - maxDistance: 3.40282347e+38
    collisionSphereDistance: 3.40282347e+38
  - maxDistance: 3.40282347e+38
    collisionSphereDistance: 3.40282347e+38
  - maxDistance: 3.40282347e+38
    collisionSphereDistance: 3.40282347e+38
  - maxDistance: 3.40282347e+38
    collisionSphereDistance: 3.40282347e+38
  - maxDistance: 3.40282347e+38
    collisionSphereDistance: 3.40282347e+38
  - maxDistance: 3.40282347e+38
    collisionSphereDistance: 3.40282347e+38
  - maxDistance: 3.40282347e+38
    collisionSphereDistance: 3.40282347e+38
  - maxDistance: 3.40282347e+38
    collisionSphereDistance: 3.40282347e+38
  - maxDistance: 3.40282347e+38
    collisionSphereDistance: 3.40282347e+38
  - maxDistance: 3.40282347e+38
    collisionSphereDistance: 3.40282347e+38
  - maxDistance: 3.40282347e+38
    collisionSphereDistance: 3.40282347e+38
  - maxDistance: 3.40282347e+38
    collisionSphereDistance: 3.40282347e+38
  - maxDistance: 3.40282347e+38
    collisionSphereDistance: 3.40282347e+38
  - maxDistance: 3.40282347e+38
    collisionSphereDistance: 3.40282347e+38
  - maxDistance: 3.40282347e+38
    collisionSphereDistance: 3.40282347e+38
  - maxDistance: 3.40282347e+38
    collisionSphereDistance: 3.40282347e+38
  - maxDistance: 3.40282347e+38
    collisionSphereDistance: 3.40282347e+38
  - maxDistance: 3.40282347e+38
    collisionSphereDistance: 3.40282347e+38
  - maxDistance: 3.40282347e+38
    collisionSphereDistance: 3.40282347e+38
  - maxDistance: 3.40282347e+38
    collisionSphereDistance: 3.40282347e+38
  - maxDistance: 3.40282347e+38
    collisionSphereDistance: 3.40282347e+38
  - maxDistance: 3.40282347e+38
    collisionSphereDistance: 3.40282347e+38
  - maxDistance: 3.40282347e+38
    collisionSphereDistance: 3.40282347e+38
  - maxDistance: 3.40282347e+38
    collisionSphereDistance: 3.40282347e+38
  - maxDistance: 3.40282347e+38
    collisionSphereDistance: 3.40282347e+38
  - maxDistance: 3.40282347e+38
    collisionSphereDistance: 3.40282347e+38
  - maxDistance: 3.40282347e+38
    collisionSphereDistance: 3.40282347e+38
  - maxDistance: 3.40282347e+38
    collisionSphereDistance: 3.40282347e+38
  - maxDistance: 3.40282347e+38
    collisionSphereDistance: 3.40282347e+38
  - maxDistance: 3.40282347e+38
    collisionSphereDistance: 3.40282347e+38
  - maxDistance: 3.40282347e+38
    collisionSphereDistance: 3.40282347e+38
  - maxDistance: 3.40282347e+38
    collisionSphereDistance: 3.40282347e+38
  - maxDistance: 3.40282347e+38
    collisionSphereDistance: 3.40282347e+38
  - maxDistance: 3.40282347e+38
    collisionSphereDistance: 3.40282347e+38
  - maxDistance: 3.40282347e+38
    collisionSphereDistance: 3.40282347e+38
  - maxDistance: 3.40282347e+38
    collisionSphereDistance: 3.40282347e+38
  - maxDistance: 3.40282347e+38
    collisionSphereDistance: 3.40282347e+38
  - maxDistance: 3.40282347e+38
    collisionSphereDistance: 3.40282347e+38
  - maxDistance: 3.40282347e+38
    collisionSphereDistance: 3.40282347e+38
  - maxDistance: 3.40282347e+38
    collisionSphereDistance: 3.40282347e+38
  - maxDistance: 3.40282347e+38
    collisionSphereDistance: 3.40282347e+38
  - maxDistance: 3.40282347e+38
    collisionSphereDistance: 3.40282347e+38
  - maxDistance: 3.40282347e+38
    collisionSphereDistance: 3.40282347e+38
  - maxDistance: 3.40282347e+38
    collisionSphereDistance: 3.40282347e+38
  - maxDistance: 3.40282347e+38
    collisionSphereDistance: 3.40282347e+38
  - maxDistance: 3.40282347e+38
    collisionSphereDistance: 3.40282347e+38
  - maxDistance: 3.40282347e+38
    collisionSphereDistance: 3.40282347e+38
  - maxDistance: 3.40282347e+38
    collisionSphereDistance: 3.40282347e+38
  - maxDistance: 3.40282347e+38
    collisionSphereDistance: 3.40282347e+38
  - maxDistance: 3.40282347e+38
    collisionSphereDistance: 3.40282347e+38
  - maxDistance: 3.40282347e+38
    collisionSphereDistance: 3.40282347e+38
  - maxDistance: 3.40282347e+38
    collisionSphereDistance: 3.40282347e+38
  - maxDistance: 3.40282347e+38
    collisionSphereDistance: 3.40282347e+38
  - maxDistance: 3.40282347e+38
    collisionSphereDistance: 3.40282347e+38
  - maxDistance: 3.40282347e+38
    collisionSphereDistance: 3.40282347e+38
  - maxDistance: 3.40282347e+38
    collisionSphereDistance: 3.40282347e+38
  - maxDistance: 3.40282347e+38
    collisionSphereDistance: 3.40282347e+38
  - maxDistance: 3.40282347e+38
    collisionSphereDistance: 3.40282347e+38
  - maxDistance: 3.40282347e+38
    collisionSphereDistance: 3.40282347e+38
  - maxDistance: 3.40282347e+38
    collisionSphereDistance: 3.40282347e+38
  - maxDistance: 3.40282347e+38
    collisionSphereDistance: 3.40282347e+38
  - maxDistance: 3.40282347e+38
    collisionSphereDistance: 3.40282347e+38
  - maxDistance: 3.40282347e+38
    collisionSphereDistance: 3.40282347e+38
  - maxDistance: 3.40282347e+38
    collisionSphereDistance: 3.40282347e+38
  - maxDistance: 3.40282347e+38
    collisionSphereDistance: 3.40282347e+38
  - maxDistance: 3.40282347e+38
    collisionSphereDistance: 3.40282347e+38
  - maxDistance: 3.40282347e+38
    collisionSphereDistance: 3.40282347e+38
  - maxDistance: 3.40282347e+38
    collisionSphereDistance: 3.40282347e+38
  - maxDistance: 3.40282347e+38
    collisionSphereDistance: 3.40282347e+38
  - maxDistance: 3.40282347e+38
    collisionSphereDistance: 3.40282347e+38
  - maxDistance: 3.40282347e+38
    collisionSphereDistance: 3.40282347e+38
  - maxDistance: 3.40282347e+38
    collisionSphereDistance: 3.40282347e+38
  - maxDistance: 3.40282347e+38
    collisionSphereDistance: 3.40282347e+38
  - maxDistance: 3.40282347e+38
    collisionSphereDistance: 3.40282347e+38
  - maxDistance: 3.40282347e+38
    collisionSphereDistance: 3.40282347e+38
  - maxDistance: 3.40282347e+38
    collisionSphereDistance: 3.40282347e+38
  - maxDistance: 3.40282347e+38
    collisionSphereDistance: 3.40282347e+38
  - maxDistance: 3.40282347e+38
    collisionSphereDistance: 3.40282347e+38
  - maxDistance: 3.40282347e+38
    collisionSphereDistance: 3.40282347e+38
  - maxDistance: 3.40282347e+38
    collisionSphereDistance: 3.40282347e+38
  - maxDistance: 3.40282347e+38
    collisionSphereDistance: 3.40282347e+38
  - maxDistance: 3.40282347e+38
    collisionSphereDistance: 3.40282347e+38
  - maxDistance: 3.40282347e+38
    collisionSphereDistance: 3.40282347e+38
  - maxDistance: 3.40282347e+38
    collisionSphereDistance: 3.40282347e+38
  - maxDistance: 3.40282347e+38
    collisionSphereDistance: 3.40282347e+38
  - maxDistance: 3.40282347e+38
    collisionSphereDistance: 3.40282347e+38
  - maxDistance: 3.40282347e+38
    collisionSphereDistance: 3.40282347e+38
  - maxDistance: 3.40282347e+38
    collisionSphereDistance: 3.40282347e+38
  - maxDistance: 3.40282347e+38
    collisionSphereDistance: 3.40282347e+38
  - maxDistance: 3.40282347e+38
    collisionSphereDistance: 3.40282347e+38
  - maxDistance: 3.40282347e+38
    collisionSphereDistance: 3.40282347e+38
  - maxDistance: 3.40282347e+38
    collisionSphereDistance: 3.40282347e+38
  - maxDistance: 3.40282347e+38
    collisionSphereDistance: 3.40282347e+38
  - maxDistance: 3.40282347e+38
    collisionSphereDistance: 3.40282347e+38
  - maxDistance: 3.40282347e+38
    collisionSphereDistance: 3.40282347e+38
  - maxDistance: 3.40282347e+38
    collisionSphereDistance: 3.40282347e+38
  - maxDistance: 3.40282347e+38
    collisionSphereDistance: 3.40282347e+38
  - maxDistance: 3.40282347e+38
    collisionSphereDistance: 3.40282347e+38
  - maxDistance: 3.40282347e+38
    collisionSphereDistance: 3.40282347e+38
  - maxDistance: 3.40282347e+38
    collisionSphereDistance: 3.40282347e+38
  - maxDistance: 3.40282347e+38
    collisionSphereDistance: 3.40282347e+38
  - maxDistance: 3.40282347e+38
    collisionSphereDistance: 3.40282347e+38
  - maxDistance: 3.40282347e+38
    collisionSphereDistance: 3.40282347e+38
  - maxDistance: 3.40282347e+38
    collisionSphereDistance: 3.40282347e+38
  - maxDistance: 3.40282347e+38
    collisionSphereDistance: 3.40282347e+38
  - maxDistance: 3.40282347e+38
    collisionSphereDistance: 3.40282347e+38
  - maxDistance: 3.40282347e+38
    collisionSphereDistance: 3.40282347e+38
  - maxDistance: 3.40282347e+38
    collisionSphereDistance: 3.40282347e+38
  - maxDistance: 3.40282347e+38
    collisionSphereDistance: 3.40282347e+38
  - maxDistance: 3.40282347e+38
    collisionSphereDistance: 3.40282347e+38
  - maxDistance: 3.40282347e+38
    collisionSphereDistance: 3.40282347e+38
  - maxDistance: 3.40282347e+38
    collisionSphereDistance: 3.40282347e+38
  - maxDistance: 3.40282347e+38
    collisionSphereDistance: 3.40282347e+38
  - maxDistance: 3.40282347e+38
    collisionSphereDistance: 3.40282347e+38
  - maxDistance: 3.40282347e+38
    collisionSphereDistance: 3.40282347e+38
  - maxDistance: 3.40282347e+38
    collisionSphereDistance: 3.40282347e+38
  - maxDistance: 3.40282347e+38
    collisionSphereDistance: 3.40282347e+38
  - maxDistance: 3.40282347e+38
    collisionSphereDistance: 3.40282347e+38
  - maxDistance: 3.40282347e+38
    collisionSphereDistance: 3.40282347e+38
  - maxDistance: 3.40282347e+38
    collisionSphereDistance: 3.40282347e+38
  - maxDistance: 3.40282347e+38
    collisionSphereDistance: 3.40282347e+38
  - maxDistance: 3.40282347e+38
    collisionSphereDistance: 3.40282347e+38
  - maxDistance: 3.40282347e+38
    collisionSphereDistance: 3.40282347e+38
  - maxDistance: 3.40282347e+38
    collisionSphereDistance: 3.40282347e+38
  - maxDistance: 3.40282347e+38
    collisionSphereDistance: 3.40282347e+38
  - maxDistance: 3.40282347e+38
    collisionSphereDistance: 3.40282347e+38
  - maxDistance: 3.40282347e+38
    collisionSphereDistance: 3.40282347e+38
  - maxDistance: 3.40282347e+38
    collisionSphereDistance: 3.40282347e+38
  - maxDistance: 3.40282347e+38
    collisionSphereDistance: 3.40282347e+38
  - maxDistance: 3.40282347e+38
    collisionSphereDistance: 3.40282347e+38
  - maxDistance: 3.40282347e+38
    collisionSphereDistance: 3.40282347e+38
  - maxDistance: 3.40282347e+38
    collisionSphereDistance: 3.40282347e+38
  - maxDistance: 3.40282347e+38
    collisionSphereDistance: 3.40282347e+38
  - maxDistance: 3.40282347e+38
    collisionSphereDistance: 3.40282347e+38
  - maxDistance: 3.40282347e+38
    collisionSphereDistance: 3.40282347e+38
  - maxDistance: 3.40282347e+38
    collisionSphereDistance: 3.40282347e+38
  - maxDistance: 3.40282347e+38
    collisionSphereDistance: 3.40282347e+38
  - maxDistance: 3.40282347e+38
    collisionSphereDistance: 3.40282347e+38
  - maxDistance: 3.40282347e+38
    collisionSphereDistance: 3.40282347e+38
  - maxDistance: 3.40282347e+38
    collisionSphereDistance: 3.40282347e+38
  - maxDistance: 3.40282347e+38
    collisionSphereDistance: 3.40282347e+38
  - maxDistance: 3.40282347e+38
    collisionSphereDistance: 3.40282347e+38
  - maxDistance: 3.40282347e+38
    collisionSphereDistance: 3.40282347e+38
  - maxDistance: 3.40282347e+38
    collisionSphereDistance: 3.40282347e+38
  - maxDistance: 3.40282347e+38
    collisionSphereDistance: 3.40282347e+38
  - maxDistance: 3.40282347e+38
    collisionSphereDistance: 3.40282347e+38
  - maxDistance: 3.40282347e+38
    collisionSphereDistance: 3.40282347e+38
  - maxDistance: 3.40282347e+38
    collisionSphereDistance: 3.40282347e+38
  - maxDistance: 3.40282347e+38
    collisionSphereDistance: 3.40282347e+38
  - maxDistance: 3.40282347e+38
    collisionSphereDistance: 3.40282347e+38
  - maxDistance: 3.40282347e+38
    collisionSphereDistance: 3.40282347e+38
  - maxDistance: 3.40282347e+38
    collisionSphereDistance: 3.40282347e+38
  - maxDistance: 3.40282347e+38
    collisionSphereDistance: 3.40282347e+38
  - maxDistance: 3.40282347e+38
    collisionSphereDistance: 3.40282347e+38
  - maxDistance: 3.40282347e+38
    collisionSphereDistance: 3.40282347e+38
  - maxDistance: 3.40282347e+38
    collisionSphereDistance: 3.40282347e+38
  - maxDistance: 3.40282347e+38
    collisionSphereDistance: 3.40282347e+38
  - maxDistance: 3.40282347e+38
    collisionSphereDistance: 3.40282347e+38
  - maxDistance: 3.40282347e+38
    collisionSphereDistance: 3.40282347e+38
  - maxDistance: 3.40282347e+38
    collisionSphereDistance: 3.40282347e+38
  - maxDistance: 3.40282347e+38
    collisionSphereDistance: 3.40282347e+38
  - maxDistance: 3.40282347e+38
    collisionSphereDistance: 3.40282347e+38
  - maxDistance: 3.40282347e+38
    collisionSphereDistance: 3.40282347e+38
  - maxDistance: 3.40282347e+38
    collisionSphereDistance: 3.40282347e+38
  - maxDistance: 3.40282347e+38
    collisionSphereDistance: 3.40282347e+38
  - maxDistance: 3.40282347e+38
    collisionSphereDistance: 3.40282347e+38
  - maxDistance: 3.40282347e+38
    collisionSphereDistance: 3.40282347e+38
  - maxDistance: 3.40282347e+38
    collisionSphereDistance: 3.40282347e+38
  - maxDistance: 3.40282347e+38
    collisionSphereDistance: 3.40282347e+38
  - maxDistance: 3.40282347e+38
    collisionSphereDistance: 3.40282347e+38
  - maxDistance: 3.40282347e+38
    collisionSphereDistance: 3.40282347e+38
  - maxDistance: 3.40282347e+38
    collisionSphereDistance: 3.40282347e+38
  - maxDistance: 3.40282347e+38
    collisionSphereDistance: 3.40282347e+38
  - maxDistance: 3.40282347e+38
    collisionSphereDistance: 3.40282347e+38
  - maxDistance: 3.40282347e+38
    collisionSphereDistance: 3.40282347e+38
  - maxDistance: 3.40282347e+38
    collisionSphereDistance: 3.40282347e+38
  - maxDistance: 3.40282347e+38
    collisionSphereDistance: 3.40282347e+38
  - maxDistance: 3.40282347e+38
    collisionSphereDistance: 3.40282347e+38
  - maxDistance: 3.40282347e+38
    collisionSphereDistance: 3.40282347e+38
  - maxDistance: 3.40282347e+38
    collisionSphereDistance: 3.40282347e+38
  - maxDistance: 3.40282347e+38
    collisionSphereDistance: 3.40282347e+38
  - maxDistance: 3.40282347e+38
    collisionSphereDistance: 3.40282347e+38
  - maxDistance: 3.40282347e+38
    collisionSphereDistance: 3.40282347e+38
  - maxDistance: 3.40282347e+38
    collisionSphereDistance: 3.40282347e+38
  - maxDistance: 3.40282347e+38
    collisionSphereDistance: 3.40282347e+38
  - maxDistance: 3.40282347e+38
    collisionSphereDistance: 3.40282347e+38
  - maxDistance: 3.40282347e+38
    collisionSphereDistance: 3.40282347e+38
  - maxDistance: 3.40282347e+38
    collisionSphereDistance: 3.40282347e+38
  - maxDistance: 3.40282347e+38
    collisionSphereDistance: 3.40282347e+38
  - maxDistance: 3.40282347e+38
    collisionSphereDistance: 3.40282347e+38
  - maxDistance: 3.40282347e+38
    collisionSphereDistance: 3.40282347e+38
  - maxDistance: 3.40282347e+38
    collisionSphereDistance: 3.40282347e+38
  - maxDistance: 3.40282347e+38
    collisionSphereDistance: 3.40282347e+38
  - maxDistance: 3.40282347e+38
    collisionSphereDistance: 3.40282347e+38
  - maxDistance: 3.40282347e+38
    collisionSphereDistance: 3.40282347e+38
  - maxDistance: 3.40282347e+38
    collisionSphereDistance: 3.40282347e+38
  - maxDistance: 3.40282347e+38
    collisionSphereDistance: 3.40282347e+38
  - maxDistance: 3.40282347e+38
    collisionSphereDistance: 3.40282347e+38
  - maxDistance: 3.40282347e+38
    collisionSphereDistance: 3.40282347e+38
  - maxDistance: 3.40282347e+38
    collisionSphereDistance: 3.40282347e+38
  - maxDistance: 3.40282347e+38
    collisionSphereDistance: 3.40282347e+38
  - maxDistance: 3.40282347e+38
    collisionSphereDistance: 3.40282347e+38
  - maxDistance: 3.40282347e+38
    collisionSphereDistance: 3.40282347e+38
  - maxDistance: 3.40282347e+38
    collisionSphereDistance: 3.40282347e+38
  - maxDistance: 3.40282347e+38
    collisionSphereDistance: 3.40282347e+38
  - maxDistance: 3.40282347e+38
    collisionSphereDistance: 3.40282347e+38
  - maxDistance: 3.40282347e+38
    collisionSphereDistance: 3.40282347e+38
  - maxDistance: 3.40282347e+38
    collisionSphereDistance: 3.40282347e+38
  - maxDistance: 3.40282347e+38
    collisionSphereDistance: 3.40282347e+38
  - maxDistance: 3.40282347e+38
    collisionSphereDistance: 3.40282347e+38
  - maxDistance: 3.40282347e+38
    collisionSphereDistance: 3.40282347e+38
  - maxDistance: 3.40282347e+38
    collisionSphereDistance: 3.40282347e+38
  - maxDistance: 3.40282347e+38
    collisionSphereDistance: 3.40282347e+38
  - maxDistance: 3.40282347e+38
    collisionSphereDistance: 3.40282347e+38
  - maxDistance: 3.40282347e+38
    collisionSphereDistance: 3.40282347e+38
  - maxDistance: 3.40282347e+38
    collisionSphereDistance: 3.40282347e+38
  - maxDistance: 3.40282347e+38
    collisionSphereDistance: 3.40282347e+38
  - maxDistance: 3.40282347e+38
    collisionSphereDistance: 3.40282347e+38
  - maxDistance: 3.40282347e+38
    collisionSphereDistance: 3.40282347e+38
  - maxDistance: 3.40282347e+38
    collisionSphereDistance: 3.40282347e+38
  - maxDistance: 3.40282347e+38
    collisionSphereDistance: 3.40282347e+38
  - maxDistance: 3.40282347e+38
    collisionSphereDistance: 3.40282347e+38
  - maxDistance: 3.40282347e+38
    collisionSphereDistance: 3.40282347e+38
  - maxDistance: 3.40282347e+38
    collisionSphereDistance: 3.40282347e+38
  - maxDistance: 3.40282347e+38
    collisionSphereDistance: 3.40282347e+38
  - maxDistance: 3.40282347e+38
    collisionSphereDistance: 3.40282347e+38
  - maxDistance: 3.40282347e+38
    collisionSphereDistance: 3.40282347e+38
  - maxDistance: 3.40282347e+38
    collisionSphereDistance: 3.40282347e+38
  - maxDistance: 3.40282347e+38
    collisionSphereDistance: 3.40282347e+38
  - maxDistance: 3.40282347e+38
    collisionSphereDistance: 3.40282347e+38
  - maxDistance: 3.40282347e+38
    collisionSphereDistance: 3.40282347e+38
  - maxDistance: 3.40282347e+38
    collisionSphereDistance: 3.40282347e+38
  - maxDistance: 3.40282347e+38
    collisionSphereDistance: 3.40282347e+38
  - maxDistance: 3.40282347e+38
    collisionSphereDistance: 3.40282347e+38
  - maxDistance: 3.40282347e+38
    collisionSphereDistance: 3.40282347e+38
  - maxDistance: 3.40282347e+38
    collisionSphereDistance: 3.40282347e+38
  - maxDistance: 3.40282347e+38
    collisionSphereDistance: 3.40282347e+38
  - maxDistance: 3.40282347e+38
    collisionSphereDistance: 3.40282347e+38
  - maxDistance: 3.40282347e+38
    collisionSphereDistance: 3.40282347e+38
  - maxDistance: 3.40282347e+38
    collisionSphereDistance: 3.40282347e+38
  - maxDistance: 3.40282347e+38
    collisionSphereDistance: 3.40282347e+38
  - maxDistance: 3.40282347e+38
    collisionSphereDistance: 3.40282347e+38
  - maxDistance: 3.40282347e+38
    collisionSphereDistance: 3.40282347e+38
  - maxDistance: 3.40282347e+38
    collisionSphereDistance: 3.40282347e+38
  - maxDistance: 3.40282347e+38
    collisionSphereDistance: 3.40282347e+38
  - maxDistance: 3.40282347e+38
    collisionSphereDistance: 3.40282347e+38
  - maxDistance: 3.40282347e+38
    collisionSphereDistance: 3.40282347e+38
  - maxDistance: 3.40282347e+38
    collisionSphereDistance: 3.40282347e+38
  - maxDistance: 3.40282347e+38
    collisionSphereDistance: 3.40282347e+38
  - maxDistance: 3.40282347e+38
    collisionSphereDistance: 3.40282347e+38
  - maxDistance: 3.40282347e+38
    collisionSphereDistance: 3.40282347e+38
  - maxDistance: 3.40282347e+38
    collisionSphereDistance: 3.40282347e+38
  - maxDistance: 3.40282347e+38
    collisionSphereDistance: 3.40282347e+38
  - maxDistance: 3.40282347e+38
    collisionSphereDistance: 3.40282347e+38
  - maxDistance: 3.40282347e+38
    collisionSphereDistance: 3.40282347e+38
  - maxDistance: 3.40282347e+38
    collisionSphereDistance: 3.40282347e+38
  - maxDistance: 3.40282347e+38
    collisionSphereDistance: 3.40282347e+38
  - maxDistance: 3.40282347e+38
    collisionSphereDistance: 3.40282347e+38
  - maxDistance: 3.40282347e+38
    collisionSphereDistance: 3.40282347e+38
  - maxDistance: 3.40282347e+38
    collisionSphereDistance: 3.40282347e+38
  - maxDistance: 3.40282347e+38
    collisionSphereDistance: 3.40282347e+38
  - maxDistance: 3.40282347e+38
    collisionSphereDistance: 3.40282347e+38
  - maxDistance: 3.40282347e+38
    collisionSphereDistance: 3.40282347e+38
  - maxDistance: 3.40282347e+38
    collisionSphereDistance: 3.40282347e+38
  - maxDistance: 3.40282347e+38
    collisionSphereDistance: 3.40282347e+38
  - maxDistance: 3.40282347e+38
    collisionSphereDistance: 3.40282347e+38
  - maxDistance: 3.40282347e+38
    collisionSphereDistance: 3.40282347e+38
  - maxDistance: 3.40282347e+38
    collisionSphereDistance: 3.40282347e+38
  - maxDistance: 3.40282347e+38
    collisionSphereDistance: 3.40282347e+38
  - maxDistance: 3.40282347e+38
    collisionSphereDistance: 3.40282347e+38
  - maxDistance: 3.40282347e+38
    collisionSphereDistance: 3.40282347e+38
  - maxDistance: 3.40282347e+38
    collisionSphereDistance: 3.40282347e+38
  - maxDistance: 3.40282347e+38
    collisionSphereDistance: 3.40282347e+38
  - maxDistance: 3.40282347e+38
    collisionSphereDistance: 3.40282347e+38
  - maxDistance: 3.40282347e+38
    collisionSphereDistance: 3.40282347e+38
  - maxDistance: 3.40282347e+38
    collisionSphereDistance: 3.40282347e+38
  - maxDistance: 3.40282347e+38
    collisionSphereDistance: 3.40282347e+38
  - maxDistance: 3.40282347e+38
    collisionSphereDistance: 3.40282347e+38
  - maxDistance: 3.40282347e+38
    collisionSphereDistance: 3.40282347e+38
  - maxDistance: 3.40282347e+38
    collisionSphereDistance: 3.40282347e+38
  - maxDistance: 3.40282347e+38
    collisionSphereDistance: 3.40282347e+38
  - maxDistance: 3.40282347e+38
    collisionSphereDistance: 3.40282347e+38
  - maxDistance: 3.40282347e+38
    collisionSphereDistance: 3.40282347e+38
  - maxDistance: 3.40282347e+38
    collisionSphereDistance: 3.40282347e+38
  - maxDistance: 3.40282347e+38
    collisionSphereDistance: 3.40282347e+38
  - maxDistance: 3.40282347e+38
    collisionSphereDistance: 3.40282347e+38
  - maxDistance: 3.40282347e+38
    collisionSphereDistance: 3.40282347e+38
  - maxDistance: 3.40282347e+38
    collisionSphereDistance: 3.40282347e+38
  - maxDistance: 3.40282347e+38
    collisionSphereDistance: 3.40282347e+38
  - maxDistance: 3.40282347e+38
    collisionSphereDistance: 3.40282347e+38
  - maxDistance: 3.40282347e+38
    collisionSphereDistance: 3.40282347e+38
  - maxDistance: 3.40282347e+38
    collisionSphereDistance: 3.40282347e+38
  - maxDistance: 3.40282347e+38
    collisionSphereDistance: 3.40282347e+38
  - maxDistance: 3.40282347e+38
    collisionSphereDistance: 3.40282347e+38
  - maxDistance: 3.40282347e+38
    collisionSphereDistance: 3.40282347e+38
  - maxDistance: 3.40282347e+38
    collisionSphereDistance: 3.40282347e+38
  - maxDistance: 3.40282347e+38
    collisionSphereDistance: 3.40282347e+38
  - maxDistance: 3.40282347e+38
    collisionSphereDistance: 3.40282347e+38
  - maxDistance: 3.40282347e+38
    collisionSphereDistance: 3.40282347e+38
  - maxDistance: 3.40282347e+38
    collisionSphereDistance: 3.40282347e+38
  - maxDistance: 3.40282347e+38
    collisionSphereDistance: 3.40282347e+38
  - maxDistance: 3.40282347e+38
    collisionSphereDistance: 3.40282347e+38
  - maxDistance: 3.40282347e+38
    collisionSphereDistance: 3.40282347e+38
  - maxDistance: 3.40282347e+38
    collisionSphereDistance: 3.40282347e+38
  - maxDistance: 3.40282347e+38
    collisionSphereDistance: 3.40282347e+38
  - maxDistance: 3.40282347e+38
    collisionSphereDistance: 3.40282347e+38
  - maxDistance: 3.40282347e+38
    collisionSphereDistance: 3.40282347e+38
  - maxDistance: 3.40282347e+38
    collisionSphereDistance: 3.40282347e+38
  - maxDistance: 3.40282347e+38
    collisionSphereDistance: 3.40282347e+38
  - maxDistance: 3.40282347e+38
    collisionSphereDistance: 3.40282347e+38
  - maxDistance: 3.40282347e+38
    collisionSphereDistance: 3.40282347e+38
  - maxDistance: 3.40282347e+38
    collisionSphereDistance: 3.40282347e+38
  - maxDistance: 3.40282347e+38
    collisionSphereDistance: 3.40282347e+38
  - maxDistance: 3.40282347e+38
    collisionSphereDistance: 3.40282347e+38
  - maxDistance: 3.40282347e+38
    collisionSphereDistance: 3.40282347e+38
  - maxDistance: 3.40282347e+38
    collisionSphereDistance: 3.40282347e+38
  - maxDistance: 3.40282347e+38
    collisionSphereDistance: 3.40282347e+38
  - maxDistance: 3.40282347e+38
    collisionSphereDistance: 3.40282347e+38
  - maxDistance: 3.40282347e+38
    collisionSphereDistance: 3.40282347e+38
  - maxDistance: 3.40282347e+38
    collisionSphereDistance: 3.40282347e+38
  - maxDistance: 3.40282347e+38
    collisionSphereDistance: 3.40282347e+38
  - maxDistance: 3.40282347e+38
    collisionSphereDistance: 3.40282347e+38
  - maxDistance: 3.40282347e+38
    collisionSphereDistance: 3.40282347e+38
  - maxDistance: 3.40282347e+38
    collisionSphereDistance: 3.40282347e+38
  - maxDistance: 3.40282347e+38
    collisionSphereDistance: 3.40282347e+38
  - maxDistance: 3.40282347e+38
    collisionSphereDistance: 3.40282347e+38
  - maxDistance: 3.40282347e+38
    collisionSphereDistance: 3.40282347e+38
  - maxDistance: 3.40282347e+38
    collisionSphereDistance: 3.40282347e+38
  - maxDistance: 3.40282347e+38
    collisionSphereDistance: 3.40282347e+38
  - maxDistance: 3.40282347e+38
    collisionSphereDistance: 3.40282347e+38
  - maxDistance: 3.40282347e+38
    collisionSphereDistance: 3.40282347e+38
  - maxDistance: 3.40282347e+38
    collisionSphereDistance: 3.40282347e+38
  - maxDistance: 3.40282347e+38
    collisionSphereDistance: 3.40282347e+38
  - maxDistance: 3.40282347e+38
    collisionSphereDistance: 3.40282347e+38
  - maxDistance: 3.40282347e+38
    collisionSphereDistance: 3.40282347e+38
  - maxDistance: 3.40282347e+38
    collisionSphereDistance: 3.40282347e+38
  - maxDistance: 3.40282347e+38
    collisionSphereDistance: 3.40282347e+38
  - maxDistance: 3.40282347e+38
    collisionSphereDistance: 3.40282347e+38
  - maxDistance: 3.40282347e+38
    collisionSphereDistance: 3.40282347e+38
  - maxDistance: 3.40282347e+38
    collisionSphereDistance: 3.40282347e+38
  - maxDistance: 3.40282347e+38
    collisionSphereDistance: 3.40282347e+38
  - maxDistance: 3.40282347e+38
    collisionSphereDistance: 3.40282347e+38
  - maxDistance: 3.40282347e+38
    collisionSphereDistance: 3.40282347e+38
  - maxDistance: 3.40282347e+38
    collisionSphereDistance: 3.40282347e+38
  - maxDistance: 3.40282347e+38
    collisionSphereDistance: 3.40282347e+38
  - maxDistance: 3.40282347e+38
    collisionSphereDistance: 3.40282347e+38
  - maxDistance: 3.40282347e+38
    collisionSphereDistance: 3.40282347e+38
  - maxDistance: 3.40282347e+38
    collisionSphereDistance: 3.40282347e+38
  - maxDistance: 3.40282347e+38
    collisionSphereDistance: 3.40282347e+38
  - maxDistance: 3.40282347e+38
    collisionSphereDistance: 3.40282347e+38
  - maxDistance: 3.40282347e+38
    collisionSphereDistance: 3.40282347e+38
  - maxDistance: 3.40282347e+38
    collisionSphereDistance: 3.40282347e+38
  - maxDistance: 3.40282347e+38
    collisionSphereDistance: 3.40282347e+38
  - maxDistance: 3.40282347e+38
    collisionSphereDistance: 3.40282347e+38
  - maxDistance: 3.40282347e+38
    collisionSphereDistance: 3.40282347e+38
  - maxDistance: 3.40282347e+38
    collisionSphereDistance: 3.40282347e+38
  - maxDistance: 3.40282347e+38
    collisionSphereDistance: 3.40282347e+38
  - maxDistance: 3.40282347e+38
    collisionSphereDistance: 3.40282347e+38
  - maxDistance: 3.40282347e+38
    collisionSphereDistance: 3.40282347e+38
  - maxDistance: 3.40282347e+38
    collisionSphereDistance: 3.40282347e+38
  - maxDistance: 3.40282347e+38
    collisionSphereDistance: 3.40282347e+38
  - maxDistance: 3.40282347e+38
    collisionSphereDistance: 3.40282347e+38
  - maxDistance: 3.40282347e+38
    collisionSphereDistance: 3.40282347e+38
  - maxDistance: 3.40282347e+38
    collisionSphereDistance: 3.40282347e+38
  - maxDistance: 3.40282347e+38
    collisionSphereDistance: 3.40282347e+38
  - maxDistance: 3.40282347e+38
    collisionSphereDistance: 3.40282347e+38
  - maxDistance: 3.40282347e+38
    collisionSphereDistance: 3.40282347e+38
  - maxDistance: 3.40282347e+38
    collisionSphereDistance: 3.40282347e+38
  - maxDistance: 3.40282347e+38
    collisionSphereDistance: 3.40282347e+38
  - maxDistance: 3.40282347e+38
    collisionSphereDistance: 3.40282347e+38
  - maxDistance: 3.40282347e+38
    collisionSphereDistance: 3.40282347e+38
  - maxDistance: 3.40282347e+38
    collisionSphereDistance: 3.40282347e+38
  - maxDistance: 3.40282347e+38
    collisionSphereDistance: 3.40282347e+38
  - maxDistance: 3.40282347e+38
    collisionSphereDistance: 3.40282347e+38
  - maxDistance: 3.40282347e+38
    collisionSphereDistance: 3.40282347e+38
  - maxDistance: 3.40282347e+38
    collisionSphereDistance: 3.40282347e+38
  - maxDistance: 3.40282347e+38
    collisionSphereDistance: 3.40282347e+38
  - maxDistance: 3.40282347e+38
    collisionSphereDistance: 3.40282347e+38
  - maxDistance: 3.40282347e+38
    collisionSphereDistance: 3.40282347e+38
  - maxDistance: 3.40282347e+38
    collisionSphereDistance: 3.40282347e+38
  - maxDistance: 3.40282347e+38
    collisionSphereDistance: 3.40282347e+38
  - maxDistance: 3.40282347e+38
    collisionSphereDistance: 3.40282347e+38
  - maxDistance: 3.40282347e+38
    collisionSphereDistance: 3.40282347e+38
  - maxDistance: 3.40282347e+38
    collisionSphereDistance: 3.40282347e+38
  - maxDistance: 3.40282347e+38
    collisionSphereDistance: 3.40282347e+38
  - maxDistance: 3.40282347e+38
    collisionSphereDistance: 3.40282347e+38
  - maxDistance: 3.40282347e+38
    collisionSphereDistance: 3.40282347e+38
  m_CapsuleColliders:
  - {fileID: 0}
  - {fileID: 0}
  - {fileID: 0}
  - {fileID: 0}
  m_SphereColliders: []
--- !u!1001 &100100000
Prefab:
  m_ObjectHideFlags: 1
  serializedVersion: 2
  m_Modification:
    m_TransformParent: {fileID: 0}
    m_Modifications: []
    m_RemovedComponents: []
  m_ParentPrefab: {fileID: 0}
  m_RootGameObject: {fileID: 114954}
  m_IsPrefabParent: 1
