%YAML 1.1
%TAG !u! tag:unity3d.com,2011:
--- !u!1 &121162
GameObject:
  m_ObjectHideFlags: 0
  m_PrefabParentObject: {fileID: 0}
  m_PrefabInternal: {fileID: 100100000}
  serializedVersion: 4
  m_Component:
  - 4: {fileID: 472674}
  - 33: {fileID: 3328576}
  - 137: {fileID: 13775940}
  - 183: {fileID: 18355256}
  - 82: {fileID: 8215546}
  m_Layer: 0
  m_Name: pCube2
  m_TagString: Untagged
  m_Icon: {fileID: 0}
  m_NavMeshLayer: 0
  m_StaticEditorFlags: 0
  m_IsActive: 1
--- !u!1 &136860
GameObject:
  m_ObjectHideFlags: 0
  m_PrefabParentObject: {fileID: 0}
  m_PrefabInternal: {fileID: 100100000}
  serializedVersion: 4
  m_Component:
  - 4: {fileID: 454782}
  m_Layer: 0
  m_Name: Flag
  m_TagString: Untagged
  m_Icon: {fileID: 0}
  m_NavMeshLayer: 0
  m_StaticEditorFlags: 0
  m_IsActive: 1
--- !u!1 &136864
GameObject:
  m_ObjectHideFlags: 0
  m_PrefabParentObject: {fileID: 0}
  m_PrefabInternal: {fileID: 100100000}
  serializedVersion: 4
  m_Component:
  - 4: {fileID: 431906}
  - 33: {fileID: 3322816}
  - 65: {fileID: 6589384}
  - 137: {fileID: 13772360}
  m_Layer: 0
  m_Name: Cube 1
  m_TagString: Untagged
  m_Icon: {fileID: 0}
  m_NavMeshLayer: 0
  m_StaticEditorFlags: 0
  m_IsActive: 1
--- !u!4 &431906
Transform:
  m_ObjectHideFlags: 1
  m_PrefabParentObject: {fileID: 0}
  m_PrefabInternal: {fileID: 100100000}
  m_GameObject: {fileID: 136864}
  m_LocalRotation: {x: .70721072, y: .00476017594, z: .00927457213, w: .706926048}
  m_LocalPosition: {x: -.406994551, y: -.000785995158, z: .0837145075}
  m_LocalScale: {x: 1.02610755, y: .00466603599, z: .0152604114}
  m_Children: []
  m_Father: {fileID: 454782}
  m_RootOrder: 1
--- !u!4 &454782
Transform:
  m_ObjectHideFlags: 1
  m_PrefabParentObject: {fileID: 0}
  m_PrefabInternal: {fileID: 100100000}
  m_GameObject: {fileID: 136860}
  m_LocalRotation: {x: -.490763783, y: -.509235263, z: .499224752, w: .500604749}
  m_LocalPosition: {x: 34.3300018, y: 19.2800007, z: 35.8699989}
  m_LocalScale: {x: 30.5328045, y: 24.9021358, z: 102.893196}
  m_Children:
  - {fileID: 472674}
  - {fileID: 431906}
  m_Father: {fileID: 0}
  m_RootOrder: 0
--- !u!4 &472674
Transform:
  m_ObjectHideFlags: 1
  m_PrefabParentObject: {fileID: 0}
  m_PrefabInternal: {fileID: 100100000}
  m_GameObject: {fileID: 121162}
  m_LocalRotation: {x: 0, y: 0, z: 0, w: 1}
  m_LocalPosition: {x: 0, y: 0, z: 0}
  m_LocalScale: {x: 1, y: 1, z: 1}
  m_Children: []
  m_Father: {fileID: 454782}
  m_RootOrder: 0
--- !u!33 &3322816
MeshFilter:
  m_ObjectHideFlags: 1
  m_PrefabParentObject: {fileID: 0}
  m_PrefabInternal: {fileID: 100100000}
  m_GameObject: {fileID: 136864}
  m_Mesh: {fileID: 10202, guid: 0000000000000000e000000000000000, type: 0}
--- !u!33 &3328576
MeshFilter:
  m_ObjectHideFlags: 1
  m_PrefabParentObject: {fileID: 0}
  m_PrefabInternal: {fileID: 100100000}
  m_GameObject: {fileID: 121162}
  m_Mesh: {fileID: 4300000, guid: 31c40fd1922d042debd435d26644d26a, type: 3}
--- !u!65 &6589384
BoxCollider:
  m_ObjectHideFlags: 1
  m_PrefabParentObject: {fileID: 0}
  m_PrefabInternal: {fileID: 100100000}
  m_GameObject: {fileID: 136864}
  m_Material: {fileID: 13400000, guid: 67db31eead11e8d6d00011d98d76c639, type: 2}
  m_IsTrigger: 0
  m_Enabled: 1
  serializedVersion: 2
  m_Size: {x: 1, y: 1, z: 1}
  m_Center: {x: 0, y: 0, z: 0}
--- !u!82 &8215546
AudioSource:
  m_ObjectHideFlags: 1
  m_PrefabParentObject: {fileID: 0}
  m_PrefabInternal: {fileID: 100100000}
  m_GameObject: {fileID: 121162}
  m_Enabled: 1
  serializedVersion: 4
  OutputAudioMixerGroup: {fileID: 0}
  m_audioClip: {fileID: 0}
  m_PlayOnAwake: 1
  m_Volume: 1
  m_Pitch: 1
  Loop: 0
  Mute: 0
  Priority: 128
  DopplerLevel: 1
  MinDistance: 1
  MaxDistance: 500
  Pan2D: 0
  rolloffMode: 0
  BypassEffects: 0
  BypassListenerEffects: 0
  BypassReverbZones: 0
  rolloffCustomCurve:
    serializedVersion: 2
    m_Curve:
    - time: 0
      value: 1
      inSlope: 0
      outSlope: 0
      tangentMode: 0
    - time: 1
      value: 0
      inSlope: 0
      outSlope: 0
      tangentMode: 0
    m_PreInfinity: 2
    m_PostInfinity: 2
  panLevelCustomCurve:
    serializedVersion: 2
    m_Curve:
    - time: 0
      value: 0
      inSlope: 0
      outSlope: 0
      tangentMode: 0
    m_PreInfinity: 2
    m_PostInfinity: 2
  spreadCustomCurve:
    serializedVersion: 2
    m_Curve:
    - time: 0
      value: 0
      inSlope: 0
      outSlope: 0
      tangentMode: 0
    m_PreInfinity: 2
    m_PostInfinity: 2
  reverbZoneMixCustomCurve:
    serializedVersion: 2
    m_Curve:
    - time: 0
      value: 1
      inSlope: 0
      outSlope: 0
      tangentMode: 0
    m_PreInfinity: 2
    m_PostInfinity: 2
--- !u!137 &13772360
SkinnedMeshRenderer:
  m_ObjectHideFlags: 1
  m_PrefabParentObject: {fileID: 0}
  m_PrefabInternal: {fileID: 100100000}
  m_GameObject: {fileID: 136864}
  m_Enabled: 1
  m_CastShadows: 1
  m_ReceiveShadows: 1
  m_Materials:
  - {fileID: 2100000, guid: f469ee5f9d01d41f69422970ba2a1a71, type: 2}
  m_SubsetIndices: 
  m_StaticBatchRoot: {fileID: 0}
  m_UseLightProbes: 1
  m_ReflectionProbeUsage: 1
  m_ProbeAnchor: {fileID: 0}
  m_ScaleInLightmap: 1
  m_PreserveUVs: 0
  m_ImportantGI: 0
  m_AutoUVMaxDistance: .5
  m_AutoUVMaxAngle: 89
  m_LightmapParameters: {fileID: 0}
  m_SortingLayerID: 0
  m_SortingOrder: 0
  serializedVersion: 2
  m_Quality: 0
  m_UpdateWhenOffscreen: 0
  m_Mesh: {fileID: 10202, guid: 0000000000000000e000000000000000, type: 0}
  m_Bones: []
  m_BlendShapeWeights: []
  m_RootBone: {fileID: 0}
  m_AABB:
    m_Center: {x: 0, y: 0, z: 0}
    m_Extent: {x: .5, y: .5, z: .5}
  m_DirtyAABB: 0
--- !u!137 &13775940
SkinnedMeshRenderer:
  m_ObjectHideFlags: 1
  m_PrefabParentObject: {fileID: 0}
  m_PrefabInternal: {fileID: 100100000}
  m_GameObject: {fileID: 121162}
  m_Enabled: 1
  m_CastShadows: 1
  m_ReceiveShadows: 1
  m_Materials:
  - {fileID: 2100000, guid: f469ee5f9d01d41f69422970ba2a1a71, type: 2}
  m_SubsetIndices: 
  m_StaticBatchRoot: {fileID: 0}
  m_UseLightProbes: 1
  m_ReflectionProbeUsage: 1
  m_ProbeAnchor: {fileID: 0}
  m_ScaleInLightmap: 1
  m_PreserveUVs: 0
  m_ImportantGI: 0
  m_AutoUVMaxDistance: .5
  m_AutoUVMaxAngle: 89
  m_LightmapParameters: {fileID: 0}
  m_SortingLayerID: 0
  m_SortingOrder: 0
  serializedVersion: 2
  m_Quality: 0
  m_UpdateWhenOffscreen: 0
  m_Mesh: {fileID: 4300000, guid: 31c40fd1922d042debd435d26644d26a, type: 3}
  m_Bones: []
  m_BlendShapeWeights: []
  m_RootBone: {fileID: 472674}
  m_AABB:
    m_Center: {x: 0, y: 0, z: -2.98023224e-08}
    m_Extent: {x: .112485632, y: .00530532748, z: .0790497884}
  m_DirtyAABB: 0
--- !u!183 &18355256
Cloth:
  m_ObjectHideFlags: 1
  m_PrefabParentObject: {fileID: 0}
  m_PrefabInternal: {fileID: 100100000}
  m_GameObject: {fileID: 121162}
  m_Enabled: 1
  m_StretchingStiffness: 1
  m_BendingStiffness: 0
  m_UseTethers: 1
  m_UseGravity: 1
  m_Damping: .209999993
  m_ExternalAcceleration: {x: 33.9799995, y: 0, z: -41.5800018}
  m_RandomAcceleration: {x: 17.5100002, y: 10.8900003, z: -33.0900002}
  m_WorldVelocityScale: 1.39999998
  m_WorldAccelerationScale: 3.22000003
  m_Friction: .239999995
  m_CollisionMassScale: .689999998
  m_UseContinuousCollision: 1
  m_UseVirtualParticles: 1
  m_SolverFrequency: 120
  m_SleepThreshold: .100000001
  m_Coefficients:
  - maxDistance: 0
    collisionSphereDistance: 3.40282347e+38
  - maxDistance: 0
    collisionSphereDistance: 3.40282347e+38
  - maxDistance: 0
    collisionSphereDistance: 3.40282347e+38
  - maxDistance: 0
    collisionSphereDistance: 3.40282347e+38
  - maxDistance: 0
    collisionSphereDistance: 3.40282347e+38
  - maxDistance: 0
    collisionSphereDistance: 3.40282347e+38
  - maxDistance: 0
    collisionSphereDistance: 3.40282347e+38
  - maxDistance: 0
    collisionSphereDistance: 3.40282347e+38
  - maxDistance: 0
    collisionSphereDistance: 3.40282347e+38
  - maxDistance: 0
    collisionSphereDistance: 3.40282347e+38
  - maxDistance: 0
    collisionSphereDistance: 3.40282347e+38
  - maxDistance: 0
    collisionSphereDistance: 3.40282347e+38
  - maxDistance: 0
    collisionSphereDistance: 3.40282347e+38
  - maxDistance: 0
    collisionSphereDistance: 3.40282347e+38
  - maxDistance: 0
    collisionSphereDistance: 3.40282347e+38
  - maxDistance: 0
    collisionSphereDistance: 3.40282347e+38
  - maxDistance: 0
    collisionSphereDistance: 3.40282347e+38
  - maxDistance: 0
    collisionSphereDistance: 3.40282347e+38
  - maxDistance: 0
    collisionSphereDistance: 3.40282347e+38
  - maxDistance: 0
    collisionSphereDistance: 3.40282347e+38
  - maxDistance: 0
    collisionSphereDistance: 3.40282347e+38
  - maxDistance: 0
    collisionSphereDistance: 3.40282347e+38
  - maxDistance: 0
    collisionSphereDistance: 3.40282347e+38
  - maxDistance: 0
    collisionSphereDistance: 3.40282347e+38
  - maxDistance: 0
    collisionSphereDistance: 3.40282347e+38
  - maxDistance: 0
    collisionSphereDistance: 3.40282347e+38
  - maxDistance: 0
    collisionSphereDistance: 3.40282347e+38
  - maxDistance: 0
    collisionSphereDistance: 3.40282347e+38
  - maxDistance: 0
    collisionSphereDistance: 3.40282347e+38
  - maxDistance: 0
    collisionSphereDistance: 3.40282347e+38
  - maxDistance: 0
    collisionSphereDistance: 3.40282347e+38
  - maxDistance: 0
    collisionSphereDistance: 3.40282347e+38
  - maxDistance: 0
    collisionSphereDistance: 3.40282347e+38
  - maxDistance: 0
    collisionSphereDistance: 3.40282347e+38
  - maxDistance: 0
    collisionSphereDistance: 3.40282347e+38
  - maxDistance: 0
    collisionSphereDistance: 3.40282347e+38
  - maxDistance: 0
    collisionSphereDistance: 3.40282347e+38
  - maxDistance: 0
    collisionSphereDistance: 3.40282347e+38
  - maxDistance: 0
    collisionSphereDistance: 3.40282347e+38
  - maxDistance: 0
    collisionSphereDistance: 3.40282347e+38
  - maxDistance: 0
    collisionSphereDistance: 3.40282347e+38
  - maxDistance: 0
    collisionSphereDistance: 3.40282347e+38
  - maxDistance: 3.40282347e+38
    collisionSphereDistance: 3.40282347e+38
  - maxDistance: 3.40282347e+38
    collisionSphereDistance: 3.40282347e+38
  - maxDistance: 3.40282347e+38
    collisionSphereDistance: 3.40282347e+38
  - maxDistance: 3.40282347e+38
    collisionSphereDistance: 3.40282347e+38
  - maxDistance: 3.40282347e+38
    collisionSphereDistance: 3.40282347e+38
  - maxDistance: 3.40282347e+38
    collisionSphereDistance: 3.40282347e+38
  - maxDistance: 3.40282347e+38
    collisionSphereDistance: 3.40282347e+38
  - maxDistance: 3.40282347e+38
    collisionSphereDistance: 3.40282347e+38
  - maxDistance: 3.40282347e+38
    collisionSphereDistance: 3.40282347e+38
  - maxDistance: 3.40282347e+38
    collisionSphereDistance: 3.40282347e+38
  - maxDistance: 3.40282347e+38
    collisionSphereDistance: 3.40282347e+38
  - maxDistance: 3.40282347e+38
    collisionSphereDistance: 3.40282347e+38
  - maxDistance: 3.40282347e+38
    collisionSphereDistance: 3.40282347e+38
  - maxDistance: 3.40282347e+38
    collisionSphereDistance: 3.40282347e+38
  - maxDistance: 3.40282347e+38
    collisionSphereDistance: 3.40282347e+38
  - maxDistance: 3.40282347e+38
    collisionSphereDistance: 3.40282347e+38
  - maxDistance: 3.40282347e+38
    collisionSphereDistance: 3.40282347e+38
  - maxDistance: 3.40282347e+38
    collisionSphereDistance: 3.40282347e+38
  - maxDistance: 3.40282347e+38
    collisionSphereDistance: 3.40282347e+38
  - maxDistance: 3.40282347e+38
    collisionSphereDistance: 3.40282347e+38
  - maxDistance: 3.40282347e+38
    collisionSphereDistance: 3.40282347e+38
  - maxDistance: 3.40282347e+38
    collisionSphereDistance: 3.40282347e+38
  - maxDistance: 3.40282347e+38
    collisionSphereDistance: 3.40282347e+38
  - maxDistance: 3.40282347e+38
    collisionSphereDistance: 3.40282347e+38
  - maxDistance: 3.40282347e+38
    collisionSphereDistance: 3.40282347e+38
  - maxDistance: 3.40282347e+38
    collisionSphereDistance: 3.40282347e+38
  - maxDistance: 3.40282347e+38
    collisionSphereDistance: 3.40282347e+38
  - maxDistance: 3.40282347e+38
    collisionSphereDistance: 3.40282347e+38
  - maxDistance: 3.40282347e+38
    collisionSphereDistance: 3.40282347e+38
  - maxDistance: 3.40282347e+38
    collisionSphereDistance: 3.40282347e+38
  - maxDistance: 3.40282347e+38
    collisionSphereDistance: 3.40282347e+38
  - maxDistance: 3.40282347e+38
    collisionSphereDistance: 3.40282347e+38
  - maxDistance: 3.40282347e+38
    collisionSphereDistance: 3.40282347e+38
  - maxDistance: 3.40282347e+38
    collisionSphereDistance: 3.40282347e+38
  - maxDistance: 3.40282347e+38
    collisionSphereDistance: 3.40282347e+38
  - maxDistance: 3.40282347e+38
    collisionSphereDistance: 3.40282347e+38
  - maxDistance: 3.40282347e+38
    collisionSphereDistance: 3.40282347e+38
  - maxDistance: 3.40282347e+38
    collisionSphereDistance: 3.40282347e+38
  - maxDistance: 3.40282347e+38
    collisionSphereDistance: 3.40282347e+38
  - maxDistance: 3.40282347e+38
    collisionSphereDistance: 3.40282347e+38
  - maxDistance: 3.40282347e+38
    collisionSphereDistance: 3.40282347e+38
  - maxDistance: 3.40282347e+38
    collisionSphereDistance: 3.40282347e+38
  - maxDistance: 3.40282347e+38
    collisionSphereDistance: 3.40282347e+38
  - maxDistance: 3.40282347e+38
    collisionSphereDistance: 3.40282347e+38
  - maxDistance: 3.40282347e+38
    collisionSphereDistance: 3.40282347e+38
  - maxDistance: 3.40282347e+38
    collisionSphereDistance: 3.40282347e+38
  - maxDistance: 3.40282347e+38
    collisionSphereDistance: 3.40282347e+38
  - maxDistance: 3.40282347e+38
    collisionSphereDistance: 3.40282347e+38
  - maxDistance: 3.40282347e+38
    collisionSphereDistance: 3.40282347e+38
  - maxDistance: 3.40282347e+38
    collisionSphereDistance: 3.40282347e+38
  - maxDistance: 3.40282347e+38
    collisionSphereDistance: 3.40282347e+38
  - maxDistance: 3.40282347e+38
    collisionSphereDistance: 3.40282347e+38
  - maxDistance: 3.40282347e+38
    collisionSphereDistance: 3.40282347e+38
  - maxDistance: 3.40282347e+38
    collisionSphereDistance: 3.40282347e+38
  - maxDistance: 3.40282347e+38
    collisionSphereDistance: 3.40282347e+38
  - maxDistance: 3.40282347e+38
    collisionSphereDistance: 3.40282347e+38
  - maxDistance: 3.40282347e+38
    collisionSphereDistance: 3.40282347e+38
  - maxDistance: 3.40282347e+38
    collisionSphereDistance: 3.40282347e+38
  - maxDistance: 3.40282347e+38
    collisionSphereDistance: 3.40282347e+38
  - maxDistance: 3.40282347e+38
    collisionSphereDistance: 3.40282347e+38
  - maxDistance: 3.40282347e+38
    collisionSphereDistance: 3.40282347e+38
  - maxDistance: 3.40282347e+38
    collisionSphereDistance: 3.40282347e+38
  - maxDistance: 3.40282347e+38
    collisionSphereDistance: 3.40282347e+38
  - maxDistance: 3.40282347e+38
    collisionSphereDistance: 3.40282347e+38
  - maxDistance: 3.40282347e+38
    collisionSphereDistance: 3.40282347e+38
  - maxDistance: 3.40282347e+38
    collisionSphereDistance: 3.40282347e+38
  - maxDistance: 3.40282347e+38
    collisionSphereDistance: 3.40282347e+38
  - maxDistance: 3.40282347e+38
    collisionSphereDistance: 3.40282347e+38
  - maxDistance: 3.40282347e+38
    collisionSphereDistance: 3.40282347e+38
  - maxDistance: 3.40282347e+38
    collisionSphereDistance: 3.40282347e+38
  - maxDistance: 3.40282347e+38
    collisionSphereDistance: 3.40282347e+38
  - maxDistance: 3.40282347e+38
    collisionSphereDistance: 3.40282347e+38
  - maxDistance: 3.40282347e+38
    collisionSphereDistance: 3.40282347e+38
  - maxDistance: 3.40282347e+38
    collisionSphereDistance: 3.40282347e+38
  - maxDistance: 3.40282347e+38
    collisionSphereDistance: 3.40282347e+38
  - maxDistance: 3.40282347e+38
    collisionSphereDistance: 3.40282347e+38
  - maxDistance: 3.40282347e+38
    collisionSphereDistance: 3.40282347e+38
  - maxDistance: 3.40282347e+38
    collisionSphereDistance: 3.40282347e+38
  - maxDistance: 3.40282347e+38
    collisionSphereDistance: 3.40282347e+38
  - maxDistance: 3.40282347e+38
    collisionSphereDistance: 3.40282347e+38
  - maxDistance: 3.40282347e+38
    collisionSphereDistance: 3.40282347e+38
  - maxDistance: 3.40282347e+38
    collisionSphereDistance: 3.40282347e+38
  - maxDistance: 3.40282347e+38
    collisionSphereDistance: 3.40282347e+38
  - maxDistance: 3.40282347e+38
    collisionSphereDistance: 3.40282347e+38
  - maxDistance: 3.40282347e+38
    collisionSphereDistance: 3.40282347e+38
  - maxDistance: 3.40282347e+38
    collisionSphereDistance: 3.40282347e+38
  - maxDistance: 3.40282347e+38
    collisionSphereDistance: 3.40282347e+38
  - maxDistance: 3.40282347e+38
    collisionSphereDistance: 3.40282347e+38
  - maxDistance: 3.40282347e+38
    collisionSphereDistance: 3.40282347e+38
  - maxDistance: 3.40282347e+38
    collisionSphereDistance: 3.40282347e+38
  - maxDistance: 3.40282347e+38
    collisionSphereDistance: 3.40282347e+38
  - maxDistance: 3.40282347e+38
    collisionSphereDistance: 3.40282347e+38
  - maxDistance: 3.40282347e+38
    collisionSphereDistance: 3.40282347e+38
  - maxDistance: 3.40282347e+38
    collisionSphereDistance: 3.40282347e+38
  - maxDistance: 3.40282347e+38
    collisionSphereDistance: 3.40282347e+38
  - maxDistance: 3.40282347e+38
    collisionSphereDistance: 3.40282347e+38
  - maxDistance: 3.40282347e+38
    collisionSphereDistance: 3.40282347e+38
  - maxDistance: 3.40282347e+38
    collisionSphereDistance: 3.40282347e+38
  - maxDistance: 3.40282347e+38
    collisionSphereDistance: 3.40282347e+38
  - maxDistance: 3.40282347e+38
    collisionSphereDistance: 3.40282347e+38
  - maxDistance: 3.40282347e+38
    collisionSphereDistance: 3.40282347e+38
  - maxDistance: 3.40282347e+38
    collisionSphereDistance: 3.40282347e+38
  - maxDistance: 3.40282347e+38
    collisionSphereDistance: 3.40282347e+38
  - maxDistance: 3.40282347e+38
    collisionSphereDistance: 3.40282347e+38
  - maxDistance: 3.40282347e+38
    collisionSphereDistance: 3.40282347e+38
  - maxDistance: 3.40282347e+38
    collisionSphereDistance: 3.40282347e+38
  - maxDistance: 3.40282347e+38
    collisionSphereDistance: 3.40282347e+38
  - maxDistance: 3.40282347e+38
    collisionSphereDistance: 3.40282347e+38
  - maxDistance: 3.40282347e+38
    collisionSphereDistance: 3.40282347e+38
  - maxDistance: 3.40282347e+38
    collisionSphereDistance: 3.40282347e+38
  - maxDistance: 3.40282347e+38
    collisionSphereDistance: 3.40282347e+38
  - maxDistance: 3.40282347e+38
    collisionSphereDistance: 3.40282347e+38
  - maxDistance: 3.40282347e+38
    collisionSphereDistance: 3.40282347e+38
  - maxDistance: 3.40282347e+38
    collisionSphereDistance: 3.40282347e+38
  - maxDistance: 3.40282347e+38
    collisionSphereDistance: 3.40282347e+38
  - maxDistance: 3.40282347e+38
    collisionSphereDistance: 3.40282347e+38
  - maxDistance: 3.40282347e+38
    collisionSphereDistance: 3.40282347e+38
  - maxDistance: 3.40282347e+38
    collisionSphereDistance: 3.40282347e+38
  - maxDistance: 3.40282347e+38
    collisionSphereDistance: 3.40282347e+38
  - maxDistance: 3.40282347e+38
    collisionSphereDistance: 3.40282347e+38
  - maxDistance: 3.40282347e+38
    collisionSphereDistance: 3.40282347e+38
  - maxDistance: 3.40282347e+38
    collisionSphereDistance: 3.40282347e+38
  - maxDistance: 3.40282347e+38
    collisionSphereDistance: 3.40282347e+38
  - maxDistance: 3.40282347e+38
    collisionSphereDistance: 3.40282347e+38
  - maxDistance: 3.40282347e+38
    collisionSphereDistance: 3.40282347e+38
  - maxDistance: 3.40282347e+38
    collisionSphereDistance: 3.40282347e+38
  - maxDistance: 3.40282347e+38
    collisionSphereDistance: 3.40282347e+38
  - maxDistance: 3.40282347e+38
    collisionSphereDistance: 3.40282347e+38
  - maxDistance: 3.40282347e+38
    collisionSphereDistance: 3.40282347e+38
  - maxDistance: 3.40282347e+38
    collisionSphereDistance: 3.40282347e+38
  - maxDistance: 3.40282347e+38
    collisionSphereDistance: 3.40282347e+38
  - maxDistance: 3.40282347e+38
    collisionSphereDistance: 3.40282347e+38
  - maxDistance: 3.40282347e+38
    collisionSphereDistance: 3.40282347e+38
  - maxDistance: 3.40282347e+38
    collisionSphereDistance: 3.40282347e+38
  - maxDistance: 3.40282347e+38
    collisionSphereDistance: 3.40282347e+38
  - maxDistance: 3.40282347e+38
    collisionSphereDistance: 3.40282347e+38
  - maxDistance: 3.40282347e+38
    collisionSphereDistance: 3.40282347e+38
  - maxDistance: 3.40282347e+38
    collisionSphereDistance: 3.40282347e+38
  - maxDistance: 3.40282347e+38
    collisionSphereDistance: 3.40282347e+38
  - maxDistance: 3.40282347e+38
    collisionSphereDistance: 3.40282347e+38
  - maxDistance: 3.40282347e+38
    collisionSphereDistance: 3.40282347e+38
  - maxDistance: 3.40282347e+38
    collisionSphereDistance: 3.40282347e+38
  - maxDistance: 3.40282347e+38
    collisionSphereDistance: 3.40282347e+38
  - maxDistance: 3.40282347e+38
    collisionSphereDistance: 3.40282347e+38
  - maxDistance: 3.40282347e+38
    collisionSphereDistance: 3.40282347e+38
  - maxDistance: 3.40282347e+38
    collisionSphereDistance: 3.40282347e+38
  - maxDistance: 3.40282347e+38
    collisionSphereDistance: 3.40282347e+38
  - maxDistance: 3.40282347e+38
    collisionSphereDistance: 3.40282347e+38
  - maxDistance: 3.40282347e+38
    collisionSphereDistance: 3.40282347e+38
  - maxDistance: 3.40282347e+38
    collisionSphereDistance: 3.40282347e+38
  - maxDistance: 3.40282347e+38
    collisionSphereDistance: 3.40282347e+38
  - maxDistance: 3.40282347e+38
    collisionSphereDistance: 3.40282347e+38
  - maxDistance: 3.40282347e+38
    collisionSphereDistance: 3.40282347e+38
  - maxDistance: 3.40282347e+38
    collisionSphereDistance: 3.40282347e+38
  - maxDistance: 3.40282347e+38
    collisionSphereDistance: 3.40282347e+38
  - maxDistance: 3.40282347e+38
    collisionSphereDistance: 3.40282347e+38
  - maxDistance: 3.40282347e+38
    collisionSphereDistance: 3.40282347e+38
  - maxDistance: 3.40282347e+38
    collisionSphereDistance: 3.40282347e+38
  - maxDistance: 3.40282347e+38
    collisionSphereDistance: 3.40282347e+38
  - maxDistance: 3.40282347e+38
    collisionSphereDistance: 3.40282347e+38
  - maxDistance: 3.40282347e+38
    collisionSphereDistance: 3.40282347e+38
  - maxDistance: 3.40282347e+38
    collisionSphereDistance: 3.40282347e+38
  - maxDistance: 3.40282347e+38
    collisionSphereDistance: 3.40282347e+38
  - maxDistance: 3.40282347e+38
    collisionSphereDistance: 3.40282347e+38
  - maxDistance: 3.40282347e+38
    collisionSphereDistance: 3.40282347e+38
  - maxDistance: 3.40282347e+38
    collisionSphereDistance: 3.40282347e+38
  - maxDistance: 3.40282347e+38
    collisionSphereDistance: 3.40282347e+38
  - maxDistance: 3.40282347e+38
    collisionSphereDistance: 3.40282347e+38
  - maxDistance: 3.40282347e+38
    collisionSphereDistance: 3.40282347e+38
  - maxDistance: 3.40282347e+38
    collisionSphereDistance: 3.40282347e+38
  - maxDistance: 3.40282347e+38
    collisionSphereDistance: 3.40282347e+38
  - maxDistance: 3.40282347e+38
    collisionSphereDistance: 3.40282347e+38
  - maxDistance: 3.40282347e+38
    collisionSphereDistance: 3.40282347e+38
  - maxDistance: 3.40282347e+38
    collisionSphereDistance: 3.40282347e+38
  - maxDistance: 3.40282347e+38
    collisionSphereDistance: 3.40282347e+38
  - maxDistance: 3.40282347e+38
    collisionSphereDistance: 3.40282347e+38
  - maxDistance: 3.40282347e+38
    collisionSphereDistance: 3.40282347e+38
  - maxDistance: 3.40282347e+38
    collisionSphereDistance: 3.40282347e+38
  - maxDistance: 3.40282347e+38
    collisionSphereDistance: 3.40282347e+38
  - maxDistance: 3.40282347e+38
    collisionSphereDistance: 3.40282347e+38
  - maxDistance: 3.40282347e+38
    collisionSphereDistance: 3.40282347e+38
  - maxDistance: 3.40282347e+38
    collisionSphereDistance: 3.40282347e+38
  - maxDistance: 3.40282347e+38
    collisionSphereDistance: 3.40282347e+38
  - maxDistance: 3.40282347e+38
    collisionSphereDistance: 3.40282347e+38
  - maxDistance: 3.40282347e+38
    collisionSphereDistance: 3.40282347e+38
  - maxDistance: 3.40282347e+38
    collisionSphereDistance: 3.40282347e+38
  - maxDistance: 3.40282347e+38
    collisionSphereDistance: 3.40282347e+38
  - maxDistance: 3.40282347e+38
    collisionSphereDistance: 3.40282347e+38
  - maxDistance: 3.40282347e+38
    collisionSphereDistance: 3.40282347e+38
  - maxDistance: 3.40282347e+38
    collisionSphereDistance: 3.40282347e+38
  - maxDistance: 3.40282347e+38
    collisionSphereDistance: 3.40282347e+38
  - maxDistance: 3.40282347e+38
    collisionSphereDistance: 3.40282347e+38
  - maxDistance: 3.40282347e+38
    collisionSphereDistance: 3.40282347e+38
  - maxDistance: 3.40282347e+38
    collisionSphereDistance: 3.40282347e+38
  - maxDistance: 3.40282347e+38
    collisionSphereDistance: 3.40282347e+38
  - maxDistance: 3.40282347e+38
    collisionSphereDistance: 3.40282347e+38
  - maxDistance: 3.40282347e+38
    collisionSphereDistance: 3.40282347e+38
  - maxDistance: 3.40282347e+38
    collisionSphereDistance: 3.40282347e+38
  - maxDistance: 3.40282347e+38
    collisionSphereDistance: 3.40282347e+38
  - maxDistance: 3.40282347e+38
    collisionSphereDistance: 3.40282347e+38
  - maxDistance: 3.40282347e+38
    collisionSphereDistance: 3.40282347e+38
  - maxDistance: 3.40282347e+38
    collisionSphereDistance: 3.40282347e+38
  - maxDistance: 3.40282347e+38
    collisionSphereDistance: 3.40282347e+38
  - maxDistance: 3.40282347e+38
    collisionSphereDistance: 3.40282347e+38
  - maxDistance: 3.40282347e+38
    collisionSphereDistance: 3.40282347e+38
  - maxDistance: 3.40282347e+38
    collisionSphereDistance: 3.40282347e+38
  - maxDistance: 3.40282347e+38
    collisionSphereDistance: 3.40282347e+38
  - maxDistance: 3.40282347e+38
    collisionSphereDistance: 3.40282347e+38
  - maxDistance: 3.40282347e+38
    collisionSphereDistance: 3.40282347e+38
  - maxDistance: 3.40282347e+38
    collisionSphereDistance: 3.40282347e+38
  - maxDistance: 3.40282347e+38
    collisionSphereDistance: 3.40282347e+38
  - maxDistance: 3.40282347e+38
    collisionSphereDistance: 3.40282347e+38
  - maxDistance: 3.40282347e+38
    collisionSphereDistance: 3.40282347e+38
  - maxDistance: 3.40282347e+38
    collisionSphereDistance: 3.40282347e+38
  - maxDistance: 3.40282347e+38
    collisionSphereDistance: 3.40282347e+38
  - maxDistance: 3.40282347e+38
    collisionSphereDistance: 3.40282347e+38
  - maxDistance: 3.40282347e+38
    collisionSphereDistance: 3.40282347e+38
  - maxDistance: 3.40282347e+38
    collisionSphereDistance: 3.40282347e+38
  - maxDistance: 3.40282347e+38
    collisionSphereDistance: 3.40282347e+38
  - maxDistance: 3.40282347e+38
    collisionSphereDistance: 3.40282347e+38
  - maxDistance: 3.40282347e+38
    collisionSphereDistance: 3.40282347e+38
  - maxDistance: 3.40282347e+38
    collisionSphereDistance: 3.40282347e+38
  - maxDistance: 3.40282347e+38
    collisionSphereDistance: 3.40282347e+38
  - maxDistance: 3.40282347e+38
    collisionSphereDistance: 3.40282347e+38
  - maxDistance: 3.40282347e+38
    collisionSphereDistance: 3.40282347e+38
  - maxDistance: 3.40282347e+38
    collisionSphereDistance: 3.40282347e+38
  - maxDistance: 3.40282347e+38
    collisionSphereDistance: 3.40282347e+38
  - maxDistance: 3.40282347e+38
    collisionSphereDistance: 3.40282347e+38
  - maxDistance: 3.40282347e+38
    collisionSphereDistance: 3.40282347e+38
  - maxDistance: 3.40282347e+38
    collisionSphereDistance: 3.40282347e+38
  - maxDistance: 3.40282347e+38
    collisionSphereDistance: 3.40282347e+38
  - maxDistance: 3.40282347e+38
    collisionSphereDistance: 3.40282347e+38
  - maxDistance: 3.40282347e+38
    collisionSphereDistance: 3.40282347e+38
  - maxDistance: 3.40282347e+38
    collisionSphereDistance: 3.40282347e+38
  - maxDistance: 3.40282347e+38
    collisionSphereDistance: 3.40282347e+38
  - maxDistance: 3.40282347e+38
    collisionSphereDistance: 3.40282347e+38
  - maxDistance: 3.40282347e+38
    collisionSphereDistance: 3.40282347e+38
  - maxDistance: 3.40282347e+38
    collisionSphereDistance: 3.40282347e+38
  - maxDistance: 3.40282347e+38
    collisionSphereDistance: 3.40282347e+38
  - maxDistance: 3.40282347e+38
    collisionSphereDistance: 3.40282347e+38
  - maxDistance: 3.40282347e+38
    collisionSphereDistance: 3.40282347e+38
  - maxDistance: 3.40282347e+38
    collisionSphereDistance: 3.40282347e+38
  - maxDistance: 3.40282347e+38
    collisionSphereDistance: 3.40282347e+38
  - maxDistance: 3.40282347e+38
    collisionSphereDistance: 3.40282347e+38
  - maxDistance: 3.40282347e+38
    collisionSphereDistance: 3.40282347e+38
  - maxDistance: 3.40282347e+38
    collisionSphereDistance: 3.40282347e+38
  - maxDistance: 3.40282347e+38
    collisionSphereDistance: 3.40282347e+38
  - maxDistance: 3.40282347e+38
    collisionSphereDistance: 3.40282347e+38
  - maxDistance: 3.40282347e+38
    collisionSphereDistance: 3.40282347e+38
  - maxDistance: 3.40282347e+38
    collisionSphereDistance: 3.40282347e+38
  - maxDistance: 3.40282347e+38
    collisionSphereDistance: 3.40282347e+38
  - maxDistance: 3.40282347e+38
    collisionSphereDistance: 3.40282347e+38
  - maxDistance: 3.40282347e+38
    collisionSphereDistance: 3.40282347e+38
  - maxDistance: 3.40282347e+38
    collisionSphereDistance: 3.40282347e+38
  - maxDistance: 3.40282347e+38
    collisionSphereDistance: 3.40282347e+38
  - maxDistance: 3.40282347e+38
    collisionSphereDistance: 3.40282347e+38
  - maxDistance: 3.40282347e+38
    collisionSphereDistance: 3.40282347e+38
  - maxDistance: 3.40282347e+38
    collisionSphereDistance: 3.40282347e+38
  - maxDistance: 3.40282347e+38
    collisionSphereDistance: 3.40282347e+38
  - maxDistance: 3.40282347e+38
    collisionSphereDistance: 3.40282347e+38
  - maxDistance: 3.40282347e+38
    collisionSphereDistance: 3.40282347e+38
  - maxDistance: 3.40282347e+38
    collisionSphereDistance: 3.40282347e+38
  - maxDistance: 3.40282347e+38
    collisionSphereDistance: 3.40282347e+38
  - maxDistance: 3.40282347e+38
    collisionSphereDistance: 3.40282347e+38
  - maxDistance: 3.40282347e+38
    collisionSphereDistance: 3.40282347e+38
  - maxDistance: 3.40282347e+38
    collisionSphereDistance: 3.40282347e+38
  - maxDistance: 3.40282347e+38
    collisionSphereDistance: 3.40282347e+38
  - maxDistance: 3.40282347e+38
    collisionSphereDistance: 3.40282347e+38
  - maxDistance: 3.40282347e+38
    collisionSphereDistance: 3.40282347e+38
  - maxDistance: 3.40282347e+38
    collisionSphereDistance: 3.40282347e+38
  - maxDistance: 3.40282347e+38
    collisionSphereDistance: 3.40282347e+38
  - maxDistance: 3.40282347e+38
    collisionSphereDistance: 3.40282347e+38
  - maxDistance: 3.40282347e+38
    collisionSphereDistance: 3.40282347e+38
  - maxDistance: 3.40282347e+38
    collisionSphereDistance: 3.40282347e+38
  - maxDistance: 3.40282347e+38
    collisionSphereDistance: 3.40282347e+38
  - maxDistance: 3.40282347e+38
    collisionSphereDistance: 3.40282347e+38
  - maxDistance: 3.40282347e+38
    collisionSphereDistance: 3.40282347e+38
  - maxDistance: 3.40282347e+38
    collisionSphereDistance: 3.40282347e+38
  - maxDistance: 3.40282347e+38
    collisionSphereDistance: 3.40282347e+38
  - maxDistance: 3.40282347e+38
    collisionSphereDistance: 3.40282347e+38
  - maxDistance: 3.40282347e+38
    collisionSphereDistance: 3.40282347e+38
  - maxDistance: 3.40282347e+38
    collisionSphereDistance: 3.40282347e+38
  - maxDistance: 3.40282347e+38
    collisionSphereDistance: 3.40282347e+38
  - maxDistance: 3.40282347e+38
    collisionSphereDistance: 3.40282347e+38
  - maxDistance: 3.40282347e+38
    collisionSphereDistance: 3.40282347e+38
  - maxDistance: 3.40282347e+38
    collisionSphereDistance: 3.40282347e+38
  - maxDistance: 3.40282347e+38
    collisionSphereDistance: 3.40282347e+38
  - maxDistance: 3.40282347e+38
    collisionSphereDistance: 3.40282347e+38
  - maxDistance: 3.40282347e+38
    collisionSphereDistance: 3.40282347e+38
  - maxDistance: 3.40282347e+38
    collisionSphereDistance: 3.40282347e+38
  - maxDistance: 3.40282347e+38
    collisionSphereDistance: 3.40282347e+38
  - maxDistance: 3.40282347e+38
    collisionSphereDistance: 3.40282347e+38
  - maxDistance: 3.40282347e+38
    collisionSphereDistance: 3.40282347e+38
  - maxDistance: 3.40282347e+38
    collisionSphereDistance: 3.40282347e+38
  - maxDistance: 3.40282347e+38
    collisionSphereDistance: 3.40282347e+38
  - maxDistance: 3.40282347e+38
    collisionSphereDistance: 3.40282347e+38
  - maxDistance: 3.40282347e+38
    collisionSphereDistance: 3.40282347e+38
  - maxDistance: 3.40282347e+38
    collisionSphereDistance: 3.40282347e+38
  - maxDistance: 3.40282347e+38
    collisionSphereDistance: 3.40282347e+38
  - maxDistance: 3.40282347e+38
    collisionSphereDistance: 3.40282347e+38
  - maxDistance: 3.40282347e+38
    collisionSphereDistance: 3.40282347e+38
  - maxDistance: 3.40282347e+38
    collisionSphereDistance: 3.40282347e+38
  - maxDistance: 3.40282347e+38
    collisionSphereDistance: 3.40282347e+38
  - maxDistance: 3.40282347e+38
    collisionSphereDistance: 3.40282347e+38
  - maxDistance: 3.40282347e+38
    collisionSphereDistance: 3.40282347e+38
  - maxDistance: 3.40282347e+38
    collisionSphereDistance: 3.40282347e+38
  - maxDistance: 3.40282347e+38
    collisionSphereDistance: 3.40282347e+38
  - maxDistance: 3.40282347e+38
    collisionSphereDistance: 3.40282347e+38
  - maxDistance: 3.40282347e+38
    collisionSphereDistance: 3.40282347e+38
  - maxDistance: 3.40282347e+38
    collisionSphereDistance: 3.40282347e+38
  - maxDistance: 3.40282347e+38
    collisionSphereDistance: 3.40282347e+38
  - maxDistance: 3.40282347e+38
    collisionSphereDistance: 3.40282347e+38
  - maxDistance: 3.40282347e+38
    collisionSphereDistance: 3.40282347e+38
  - maxDistance: 3.40282347e+38
    collisionSphereDistance: 3.40282347e+38
  - maxDistance: 3.40282347e+38
    collisionSphereDistance: 3.40282347e+38
  - maxDistance: 3.40282347e+38
    collisionSphereDistance: 3.40282347e+38
  - maxDistance: 3.40282347e+38
    collisionSphereDistance: 3.40282347e+38
  - maxDistance: 3.40282347e+38
    collisionSphereDistance: 3.40282347e+38
  - maxDistance: 3.40282347e+38
    collisionSphereDistance: 3.40282347e+38
  - maxDistance: 3.40282347e+38
    collisionSphereDistance: 3.40282347e+38
  - maxDistance: 3.40282347e+38
    collisionSphereDistance: 3.40282347e+38
  - maxDistance: 3.40282347e+38
    collisionSphereDistance: 3.40282347e+38
  - maxDistance: 3.40282347e+38
    collisionSphereDistance: 3.40282347e+38
  - maxDistance: 3.40282347e+38
    collisionSphereDistance: 3.40282347e+38
  - maxDistance: 3.40282347e+38
    collisionSphereDistance: 3.40282347e+38
  - maxDistance: 3.40282347e+38
    collisionSphereDistance: 3.40282347e+38
  - maxDistance: 3.40282347e+38
    collisionSphereDistance: 3.40282347e+38
  - maxDistance: 3.40282347e+38
    collisionSphereDistance: 3.40282347e+38
  - maxDistance: 3.40282347e+38
    collisionSphereDistance: 3.40282347e+38
  - maxDistance: 3.40282347e+38
    collisionSphereDistance: 3.40282347e+38
  - maxDistance: 3.40282347e+38
    collisionSphereDistance: 3.40282347e+38
  - maxDistance: 3.40282347e+38
    collisionSphereDistance: 3.40282347e+38
  - maxDistance: 3.40282347e+38
    collisionSphereDistance: 3.40282347e+38
  - maxDistance: 3.40282347e+38
    collisionSphereDistance: 3.40282347e+38
  - maxDistance: 3.40282347e+38
    collisionSphereDistance: 3.40282347e+38
  - maxDistance: 3.40282347e+38
    collisionSphereDistance: 3.40282347e+38
  - maxDistance: 3.40282347e+38
    collisionSphereDistance: 3.40282347e+38
  - maxDistance: 3.40282347e+38
    collisionSphereDistance: 3.40282347e+38
  - maxDistance: 3.40282347e+38
    collisionSphereDistance: 3.40282347e+38
  - maxDistance: 3.40282347e+38
    collisionSphereDistance: 3.40282347e+38
  - maxDistance: 3.40282347e+38
    collisionSphereDistance: 3.40282347e+38
  - maxDistance: 3.40282347e+38
    collisionSphereDistance: 3.40282347e+38
  - maxDistance: 3.40282347e+38
    collisionSphereDistance: 3.40282347e+38
  - maxDistance: 3.40282347e+38
    collisionSphereDistance: 3.40282347e+38
  - maxDistance: 3.40282347e+38
    collisionSphereDistance: 3.40282347e+38
  - maxDistance: 3.40282347e+38
    collisionSphereDistance: 3.40282347e+38
  - maxDistance: 3.40282347e+38
    collisionSphereDistance: 3.40282347e+38
  - maxDistance: 3.40282347e+38
    collisionSphereDistance: 3.40282347e+38
  - maxDistance: 3.40282347e+38
    collisionSphereDistance: 3.40282347e+38
  - maxDistance: 3.40282347e+38
    collisionSphereDistance: 3.40282347e+38
  - maxDistance: 3.40282347e+38
    collisionSphereDistance: 3.40282347e+38
  - maxDistance: 3.40282347e+38
    collisionSphereDistance: 3.40282347e+38
  - maxDistance: 3.40282347e+38
    collisionSphereDistance: 3.40282347e+38
  - maxDistance: 3.40282347e+38
    collisionSphereDistance: 3.40282347e+38
  - maxDistance: 3.40282347e+38
    collisionSphereDistance: 3.40282347e+38
  - maxDistance: 3.40282347e+38
    collisionSphereDistance: 3.40282347e+38
  - maxDistance: 3.40282347e+38
    collisionSphereDistance: 3.40282347e+38
  - maxDistance: 3.40282347e+38
    collisionSphereDistance: 3.40282347e+38
  - maxDistance: 3.40282347e+38
    collisionSphereDistance: 3.40282347e+38
  - maxDistance: 3.40282347e+38
    collisionSphereDistance: 3.40282347e+38
  - maxDistance: 3.40282347e+38
    collisionSphereDistance: 3.40282347e+38
  - maxDistance: 3.40282347e+38
    collisionSphereDistance: 3.40282347e+38
  - maxDistance: 3.40282347e+38
    collisionSphereDistance: 3.40282347e+38
  - maxDistance: 3.40282347e+38
    collisionSphereDistance: 3.40282347e+38
  - maxDistance: 3.40282347e+38
    collisionSphereDistance: 3.40282347e+38
  - maxDistance: 3.40282347e+38
    collisionSphereDistance: 3.40282347e+38
  - maxDistance: 3.40282347e+38
    collisionSphereDistance: 3.40282347e+38
  - maxDistance: 3.40282347e+38
    collisionSphereDistance: 3.40282347e+38
  - maxDistance: 3.40282347e+38
    collisionSphereDistance: 3.40282347e+38
  - maxDistance: 3.40282347e+38
    collisionSphereDistance: 3.40282347e+38
  - maxDistance: 3.40282347e+38
    collisionSphereDistance: 3.40282347e+38
  - maxDistance: 3.40282347e+38
    collisionSphereDistance: 3.40282347e+38
  - maxDistance: 3.40282347e+38
    collisionSphereDistance: 3.40282347e+38
  - maxDistance: 3.40282347e+38
    collisionSphereDistance: 3.40282347e+38
  - maxDistance: 3.40282347e+38
    collisionSphereDistance: 3.40282347e+38
  - maxDistance: 3.40282347e+38
    collisionSphereDistance: 3.40282347e+38
  - maxDistance: 3.40282347e+38
    collisionSphereDistance: 3.40282347e+38
  - maxDistance: 3.40282347e+38
    collisionSphereDistance: 3.40282347e+38
  - maxDistance: 3.40282347e+38
    collisionSphereDistance: 3.40282347e+38
  - maxDistance: 3.40282347e+38
    collisionSphereDistance: 3.40282347e+38
  - maxDistance: 3.40282347e+38
    collisionSphereDistance: 3.40282347e+38
  - maxDistance: 3.40282347e+38
    collisionSphereDistance: 3.40282347e+38
  - maxDistance: 3.40282347e+38
    collisionSphereDistance: 3.40282347e+38
  - maxDistance: 3.40282347e+38
    collisionSphereDistance: 3.40282347e+38
  - maxDistance: 3.40282347e+38
    collisionSphereDistance: 3.40282347e+38
  - maxDistance: 3.40282347e+38
    collisionSphereDistance: 3.40282347e+38
  - maxDistance: 3.40282347e+38
    collisionSphereDistance: 3.40282347e+38
  - maxDistance: 3.40282347e+38
    collisionSphereDistance: 3.40282347e+38
  - maxDistance: 3.40282347e+38
    collisionSphereDistance: 3.40282347e+38
  - maxDistance: 3.40282347e+38
    collisionSphereDistance: 3.40282347e+38
  - maxDistance: 3.40282347e+38
    collisionSphereDistance: 3.40282347e+38
  - maxDistance: 3.40282347e+38
    collisionSphereDistance: 3.40282347e+38
  - maxDistance: 3.40282347e+38
    collisionSphereDistance: 3.40282347e+38
  - maxDistance: 3.40282347e+38
    collisionSphereDistance: 3.40282347e+38
  - maxDistance: 3.40282347e+38
    collisionSphereDistance: 3.40282347e+38
  - maxDistance: 3.40282347e+38
    collisionSphereDistance: 3.40282347e+38
  - maxDistance: 3.40282347e+38
    collisionSphereDistance: 3.40282347e+38
  - maxDistance: 3.40282347e+38
    collisionSphereDistance: 3.40282347e+38
  - maxDistance: 3.40282347e+38
    collisionSphereDistance: 3.40282347e+38
  - maxDistance: 3.40282347e+38
    collisionSphereDistance: 3.40282347e+38
  - maxDistance: 3.40282347e+38
    collisionSphereDistance: 3.40282347e+38
  - maxDistance: 3.40282347e+38
    collisionSphereDistance: 3.40282347e+38
  - maxDistance: 3.40282347e+38
    collisionSphereDistance: 3.40282347e+38
  - maxDistance: 3.40282347e+38
    collisionSphereDistance: 3.40282347e+38
  - maxDistance: 3.40282347e+38
    collisionSphereDistance: 3.40282347e+38
  - maxDistance: 3.40282347e+38
    collisionSphereDistance: 3.40282347e+38
  - maxDistance: 3.40282347e+38
    collisionSphereDistance: 3.40282347e+38
  - maxDistance: 3.40282347e+38
    collisionSphereDistance: 3.40282347e+38
  - maxDistance: 3.40282347e+38
    collisionSphereDistance: 3.40282347e+38
  - maxDistance: 3.40282347e+38
    collisionSphereDistance: 3.40282347e+38
  - maxDistance: 3.40282347e+38
    collisionSphereDistance: 3.40282347e+38
  - maxDistance: 3.40282347e+38
    collisionSphereDistance: 3.40282347e+38
  - maxDistance: 3.40282347e+38
    collisionSphereDistance: 3.40282347e+38
  - maxDistance: 3.40282347e+38
    collisionSphereDistance: 3.40282347e+38
  - maxDistance: 3.40282347e+38
    collisionSphereDistance: 3.40282347e+38
  - maxDistance: 3.40282347e+38
    collisionSphereDistance: 3.40282347e+38
  - maxDistance: 3.40282347e+38
    collisionSphereDistance: 3.40282347e+38
  - maxDistance: 3.40282347e+38
    collisionSphereDistance: 3.40282347e+38
  - maxDistance: 3.40282347e+38
    collisionSphereDistance: 3.40282347e+38
  - maxDistance: 3.40282347e+38
    collisionSphereDistance: 3.40282347e+38
  - maxDistance: 3.40282347e+38
    collisionSphereDistance: 3.40282347e+38
  - maxDistance: 3.40282347e+38
    collisionSphereDistance: 3.40282347e+38
  - maxDistance: 3.40282347e+38
    collisionSphereDistance: 3.40282347e+38
  - maxDistance: 3.40282347e+38
    collisionSphereDistance: 3.40282347e+38
  - maxDistance: 3.40282347e+38
    collisionSphereDistance: 3.40282347e+38
  - maxDistance: 3.40282347e+38
    collisionSphereDistance: 3.40282347e+38
  - maxDistance: 3.40282347e+38
    collisionSphereDistance: 3.40282347e+38
  - maxDistance: 3.40282347e+38
    collisionSphereDistance: 3.40282347e+38
  - maxDistance: 3.40282347e+38
    collisionSphereDistance: 3.40282347e+38
  - maxDistance: 3.40282347e+38
    collisionSphereDistance: 3.40282347e+38
  - maxDistance: 3.40282347e+38
    collisionSphereDistance: 3.40282347e+38
  - maxDistance: 3.40282347e+38
    collisionSphereDistance: 3.40282347e+38
  - maxDistance: 3.40282347e+38
    collisionSphereDistance: 3.40282347e+38
  - maxDistance: 3.40282347e+38
    collisionSphereDistance: 3.40282347e+38
  - maxDistance: 3.40282347e+38
    collisionSphereDistance: 3.40282347e+38
  - maxDistance: 3.40282347e+38
    collisionSphereDistance: 3.40282347e+38
  - maxDistance: 3.40282347e+38
    collisionSphereDistance: 3.40282347e+38
  - maxDistance: 3.40282347e+38
    collisionSphereDistance: 3.40282347e+38
  - maxDistance: 3.40282347e+38
    collisionSphereDistance: 3.40282347e+38
  - maxDistance: 3.40282347e+38
    collisionSphereDistance: 3.40282347e+38
  - maxDistance: 3.40282347e+38
    collisionSphereDistance: 3.40282347e+38
  - maxDistance: 3.40282347e+38
    collisionSphereDistance: 3.40282347e+38
  - maxDistance: 3.40282347e+38
    collisionSphereDistance: 3.40282347e+38
  - maxDistance: 3.40282347e+38
    collisionSphereDistance: 3.40282347e+38
  - maxDistance: 3.40282347e+38
    collisionSphereDistance: 3.40282347e+38
  - maxDistance: 3.40282347e+38
    collisionSphereDistance: 3.40282347e+38
  - maxDistance: 3.40282347e+38
    collisionSphereDistance: 3.40282347e+38
  - maxDistance: 3.40282347e+38
    collisionSphereDistance: 3.40282347e+38
  - maxDistance: 3.40282347e+38
    collisionSphereDistance: 3.40282347e+38
  - maxDistance: 3.40282347e+38
    collisionSphereDistance: 3.40282347e+38
  - maxDistance: 3.40282347e+38
    collisionSphereDistance: 3.40282347e+38
  - maxDistance: 3.40282347e+38
    collisionSphereDistance: 3.40282347e+38
  - maxDistance: 3.40282347e+38
    collisionSphereDistance: 3.40282347e+38
  - maxDistance: 3.40282347e+38
    collisionSphereDistance: 3.40282347e+38
  - maxDistance: 3.40282347e+38
    collisionSphereDistance: 3.40282347e+38
  - maxDistance: 3.40282347e+38
    collisionSphereDistance: 3.40282347e+38
  - maxDistance: 3.40282347e+38
    collisionSphereDistance: 3.40282347e+38
  - maxDistance: 3.40282347e+38
    collisionSphereDistance: 3.40282347e+38
  - maxDistance: 3.40282347e+38
    collisionSphereDistance: 3.40282347e+38
  - maxDistance: 3.40282347e+38
    collisionSphereDistance: 3.40282347e+38
  - maxDistance: 3.40282347e+38
    collisionSphereDistance: 3.40282347e+38
  - maxDistance: 3.40282347e+38
    collisionSphereDistance: 3.40282347e+38
  - maxDistance: 3.40282347e+38
    collisionSphereDistance: 3.40282347e+38
  - maxDistance: 3.40282347e+38
    collisionSphereDistance: 3.40282347e+38
  - maxDistance: 3.40282347e+38
    collisionSphereDistance: 3.40282347e+38
  - maxDistance: 3.40282347e+38
    collisionSphereDistance: 3.40282347e+38
  - maxDistance: 3.40282347e+38
    collisionSphereDistance: 3.40282347e+38
  - maxDistance: 3.40282347e+38
    collisionSphereDistance: 3.40282347e+38
  - maxDistance: 3.40282347e+38
    collisionSphereDistance: 3.40282347e+38
  - maxDistance: 3.40282347e+38
    collisionSphereDistance: 3.40282347e+38
  - maxDistance: 3.40282347e+38
    collisionSphereDistance: 3.40282347e+38
  - maxDistance: 3.40282347e+38
    collisionSphereDistance: 3.40282347e+38
  - maxDistance: 3.40282347e+38
    collisionSphereDistance: 3.40282347e+38
  - maxDistance: 3.40282347e+38
    collisionSphereDistance: 3.40282347e+38
  - maxDistance: 3.40282347e+38
    collisionSphereDistance: 3.40282347e+38
  - maxDistance: 3.40282347e+38
    collisionSphereDistance: 3.40282347e+38
  - maxDistance: 3.40282347e+38
    collisionSphereDistance: 3.40282347e+38
  - maxDistance: 3.40282347e+38
    collisionSphereDistance: 3.40282347e+38
  - maxDistance: 3.40282347e+38
    collisionSphereDistance: 3.40282347e+38
  - maxDistance: 3.40282347e+38
    collisionSphereDistance: 3.40282347e+38
  - maxDistance: 3.40282347e+38
    collisionSphereDistance: 3.40282347e+38
  - maxDistance: 3.40282347e+38
    collisionSphereDistance: 3.40282347e+38
  - maxDistance: 3.40282347e+38
    collisionSphereDistance: 3.40282347e+38
  - maxDistance: 3.40282347e+38
    collisionSphereDistance: 3.40282347e+38
  - maxDistance: 3.40282347e+38
    collisionSphereDistance: 3.40282347e+38
  - maxDistance: 3.40282347e+38
    collisionSphereDistance: 3.40282347e+38
  - maxDistance: 3.40282347e+38
    collisionSphereDistance: 3.40282347e+38
  - maxDistance: 3.40282347e+38
    collisionSphereDistance: 3.40282347e+38
  - maxDistance: 3.40282347e+38
    collisionSphereDistance: 3.40282347e+38
  - maxDistance: 3.40282347e+38
    collisionSphereDistance: 3.40282347e+38
  - maxDistance: 3.40282347e+38
    collisionSphereDistance: 3.40282347e+38
  - maxDistance: 3.40282347e+38
    collisionSphereDistance: 3.40282347e+38
  - maxDistance: 3.40282347e+38
    collisionSphereDistance: 3.40282347e+38
  - maxDistance: 3.40282347e+38
    collisionSphereDistance: 3.40282347e+38
  - maxDistance: 3.40282347e+38
    collisionSphereDistance: 3.40282347e+38
  - maxDistance: 3.40282347e+38
    collisionSphereDistance: 3.40282347e+38
  - maxDistance: 3.40282347e+38
    collisionSphereDistance: 3.40282347e+38
  - maxDistance: 3.40282347e+38
    collisionSphereDistance: 3.40282347e+38
  - maxDistance: 3.40282347e+38
    collisionSphereDistance: 3.40282347e+38
  - maxDistance: 3.40282347e+38
    collisionSphereDistance: 3.40282347e+38
  - maxDistance: 3.40282347e+38
    collisionSphereDistance: 3.40282347e+38
  - maxDistance: 3.40282347e+38
    collisionSphereDistance: 3.40282347e+38
  - maxDistance: 3.40282347e+38
    collisionSphereDistance: 3.40282347e+38
  - maxDistance: 3.40282347e+38
    collisionSphereDistance: 3.40282347e+38
  - maxDistance: 3.40282347e+38
    collisionSphereDistance: 3.40282347e+38
  - maxDistance: 3.40282347e+38
    collisionSphereDistance: 3.40282347e+38
  - maxDistance: 3.40282347e+38
    collisionSphereDistance: 3.40282347e+38
  - maxDistance: 3.40282347e+38
    collisionSphereDistance: 3.40282347e+38
  - maxDistance: 3.40282347e+38
    collisionSphereDistance: 3.40282347e+38
  - maxDistance: 3.40282347e+38
    collisionSphereDistance: 3.40282347e+38
  - maxDistance: 3.40282347e+38
    collisionSphereDistance: 3.40282347e+38
  - maxDistance: 3.40282347e+38
    collisionSphereDistance: 3.40282347e+38
  - maxDistance: 3.40282347e+38
    collisionSphereDistance: 3.40282347e+38
  - maxDistance: 3.40282347e+38
    collisionSphereDistance: 3.40282347e+38
  - maxDistance: 3.40282347e+38
    collisionSphereDistance: 3.40282347e+38
  - maxDistance: 3.40282347e+38
    collisionSphereDistance: 3.40282347e+38
  - maxDistance: 3.40282347e+38
    collisionSphereDistance: 3.40282347e+38
  - maxDistance: 3.40282347e+38
    collisionSphereDistance: 3.40282347e+38
  - maxDistance: 3.40282347e+38
    collisionSphereDistance: 3.40282347e+38
  - maxDistance: 3.40282347e+38
    collisionSphereDistance: 3.40282347e+38
  - maxDistance: 3.40282347e+38
    collisionSphereDistance: 3.40282347e+38
  - maxDistance: 3.40282347e+38
    collisionSphereDistance: 3.40282347e+38
  - maxDistance: 3.40282347e+38
    collisionSphereDistance: 3.40282347e+38
  - maxDistance: 3.40282347e+38
    collisionSphereDistance: 3.40282347e+38
  - maxDistance: 3.40282347e+38
    collisionSphereDistance: 3.40282347e+38
  - maxDistance: 3.40282347e+38
    collisionSphereDistance: 3.40282347e+38
  - maxDistance: 3.40282347e+38
    collisionSphereDistance: 3.40282347e+38
  - maxDistance: 3.40282347e+38
    collisionSphereDistance: 3.40282347e+38
  - maxDistance: 3.40282347e+38
    collisionSphereDistance: 3.40282347e+38
  - maxDistance: 3.40282347e+38
    collisionSphereDistance: 3.40282347e+38
  - maxDistance: 3.40282347e+38
    collisionSphereDistance: 3.40282347e+38
  - maxDistance: 3.40282347e+38
    collisionSphereDistance: 3.40282347e+38
  - maxDistance: 3.40282347e+38
    collisionSphereDistance: 3.40282347e+38
  - maxDistance: 3.40282347e+38
    collisionSphereDistance: 3.40282347e+38
  - maxDistance: 3.40282347e+38
    collisionSphereDistance: 3.40282347e+38
  - maxDistance: 3.40282347e+38
    collisionSphereDistance: 3.40282347e+38
  - maxDistance: 3.40282347e+38
    collisionSphereDistance: 3.40282347e+38
  - maxDistance: 3.40282347e+38
    collisionSphereDistance: 3.40282347e+38
  - maxDistance: 3.40282347e+38
    collisionSphereDistance: 3.40282347e+38
  - maxDistance: 3.40282347e+38
    collisionSphereDistance: 3.40282347e+38
  - maxDistance: 3.40282347e+38
    collisionSphereDistance: 3.40282347e+38
  - maxDistance: 3.40282347e+38
    collisionSphereDistance: 3.40282347e+38
  - maxDistance: 3.40282347e+38
    collisionSphereDistance: 3.40282347e+38
  - maxDistance: 3.40282347e+38
    collisionSphereDistance: 3.40282347e+38
  - maxDistance: 3.40282347e+38
    collisionSphereDistance: 3.40282347e+38
  - maxDistance: 3.40282347e+38
    collisionSphereDistance: 3.40282347e+38
  - maxDistance: 3.40282347e+38
    collisionSphereDistance: 3.40282347e+38
  - maxDistance: 3.40282347e+38
    collisionSphereDistance: 3.40282347e+38
  - maxDistance: 3.40282347e+38
    collisionSphereDistance: 3.40282347e+38
  - maxDistance: 3.40282347e+38
    collisionSphereDistance: 3.40282347e+38
  - maxDistance: 3.40282347e+38
    collisionSphereDistance: 3.40282347e+38
  - maxDistance: 3.40282347e+38
    collisionSphereDistance: 3.40282347e+38
  - maxDistance: 3.40282347e+38
    collisionSphereDistance: 3.40282347e+38
  - maxDistance: 3.40282347e+38
    collisionSphereDistance: 3.40282347e+38
  - maxDistance: 3.40282347e+38
    collisionSphereDistance: 3.40282347e+38
  - maxDistance: 3.40282347e+38
    collisionSphereDistance: 3.40282347e+38
  - maxDistance: 3.40282347e+38
    collisionSphereDistance: 3.40282347e+38
  - maxDistance: 3.40282347e+38
    collisionSphereDistance: 3.40282347e+38
  - maxDistance: 3.40282347e+38
    collisionSphereDistance: 3.40282347e+38
  - maxDistance: 3.40282347e+38
    collisionSphereDistance: 3.40282347e+38
  - maxDistance: 3.40282347e+38
    collisionSphereDistance: 3.40282347e+38
  - maxDistance: 3.40282347e+38
    collisionSphereDistance: 3.40282347e+38
  - maxDistance: 3.40282347e+38
    collisionSphereDistance: 3.40282347e+38
  - maxDistance: 3.40282347e+38
    collisionSphereDistance: 3.40282347e+38
  - maxDistance: 3.40282347e+38
    collisionSphereDistance: 3.40282347e+38
  - maxDistance: 3.40282347e+38
    collisionSphereDistance: 3.40282347e+38
  - maxDistance: 3.40282347e+38
    collisionSphereDistance: 3.40282347e+38
  - maxDistance: 3.40282347e+38
    collisionSphereDistance: 3.40282347e+38
  - maxDistance: 3.40282347e+38
    collisionSphereDistance: 3.40282347e+38
  - maxDistance: 3.40282347e+38
    collisionSphereDistance: 3.40282347e+38
  - maxDistance: 3.40282347e+38
    collisionSphereDistance: 3.40282347e+38
  - maxDistance: 3.40282347e+38
    collisionSphereDistance: 3.40282347e+38
  - maxDistance: 3.40282347e+38
    collisionSphereDistance: 3.40282347e+38
  - maxDistance: 3.40282347e+38
    collisionSphereDistance: 3.40282347e+38
  - maxDistance: 3.40282347e+38
    collisionSphereDistance: 3.40282347e+38
  - maxDistance: 3.40282347e+38
    collisionSphereDistance: 3.40282347e+38
  - maxDistance: 3.40282347e+38
    collisionSphereDistance: 3.40282347e+38
  - maxDistance: 3.40282347e+38
    collisionSphereDistance: 3.40282347e+38
  - maxDistance: 3.40282347e+38
    collisionSphereDistance: 3.40282347e+38
  - maxDistance: 3.40282347e+38
    collisionSphereDistance: 3.40282347e+38
  - maxDistance: 3.40282347e+38
    collisionSphereDistance: 3.40282347e+38
  - maxDistance: 3.40282347e+38
    collisionSphereDistance: 3.40282347e+38
  - maxDistance: 3.40282347e+38
    collisionSphereDistance: 3.40282347e+38
  - maxDistance: 3.40282347e+38
    collisionSphereDistance: 3.40282347e+38
  - maxDistance: 3.40282347e+38
    collisionSphereDistance: 3.40282347e+38
  - maxDistance: 3.40282347e+38
    collisionSphereDistance: 3.40282347e+38
  - maxDistance: 3.40282347e+38
    collisionSphereDistance: 3.40282347e+38
  - maxDistance: 3.40282347e+38
    collisionSphereDistance: 3.40282347e+38
  - maxDistance: 3.40282347e+38
    collisionSphereDistance: 3.40282347e+38
  - maxDistance: 3.40282347e+38
    collisionSphereDistance: 3.40282347e+38
  - maxDistance: 3.40282347e+38
    collisionSphereDistance: 3.40282347e+38
  - maxDistance: 3.40282347e+38
    collisionSphereDistance: 3.40282347e+38
  - maxDistance: 3.40282347e+38
    collisionSphereDistance: 3.40282347e+38
  - maxDistance: 3.40282347e+38
    collisionSphereDistance: 3.40282347e+38
  - maxDistance: 3.40282347e+38
    collisionSphereDistance: 3.40282347e+38
  - maxDistance: 3.40282347e+38
    collisionSphereDistance: 3.40282347e+38
  - maxDistance: 3.40282347e+38
    collisionSphereDistance: 3.40282347e+38
  - maxDistance: 3.40282347e+38
    collisionSphereDistance: 3.40282347e+38
  - maxDistance: 3.40282347e+38
    collisionSphereDistance: 3.40282347e+38
  - maxDistance: 3.40282347e+38
    collisionSphereDistance: 3.40282347e+38
  - maxDistance: 3.40282347e+38
    collisionSphereDistance: 3.40282347e+38
  - maxDistance: 3.40282347e+38
    collisionSphereDistance: 3.40282347e+38
  - maxDistance: 3.40282347e+38
    collisionSphereDistance: 3.40282347e+38
  - maxDistance: 3.40282347e+38
    collisionSphereDistance: 3.40282347e+38
  - maxDistance: 3.40282347e+38
    collisionSphereDistance: 3.40282347e+38
  - maxDistance: 3.40282347e+38
    collisionSphereDistance: 3.40282347e+38
  - maxDistance: 3.40282347e+38
    collisionSphereDistance: 3.40282347e+38
  - maxDistance: 3.40282347e+38
    collisionSphereDistance: 3.40282347e+38
  - maxDistance: 3.40282347e+38
    collisionSphereDistance: 3.40282347e+38
  - maxDistance: 3.40282347e+38
    collisionSphereDistance: 3.40282347e+38
  - maxDistance: 3.40282347e+38
    collisionSphereDistance: 3.40282347e+38
  - maxDistance: 3.40282347e+38
    collisionSphereDistance: 3.40282347e+38
  - maxDistance: 3.40282347e+38
    collisionSphereDistance: 3.40282347e+38
  - maxDistance: 3.40282347e+38
    collisionSphereDistance: 3.40282347e+38
  - maxDistance: 3.40282347e+38
    collisionSphereDistance: 3.40282347e+38
  - maxDistance: 3.40282347e+38
    collisionSphereDistance: 3.40282347e+38
  - maxDistance: 3.40282347e+38
    collisionSphereDistance: 3.40282347e+38
  - maxDistance: 3.40282347e+38
    collisionSphereDistance: 3.40282347e+38
  - maxDistance: 3.40282347e+38
    collisionSphereDistance: 3.40282347e+38
  - maxDistance: 3.40282347e+38
    collisionSphereDistance: 3.40282347e+38
  - maxDistance: 3.40282347e+38
    collisionSphereDistance: 3.40282347e+38
  - maxDistance: 3.40282347e+38
    collisionSphereDistance: 3.40282347e+38
  - maxDistance: 3.40282347e+38
    collisionSphereDistance: 3.40282347e+38
  - maxDistance: 3.40282347e+38
    collisionSphereDistance: 3.40282347e+38
  - maxDistance: 3.40282347e+38
    collisionSphereDistance: 3.40282347e+38
  - maxDistance: 3.40282347e+38
    collisionSphereDistance: 3.40282347e+38
  - maxDistance: 3.40282347e+38
    collisionSphereDistance: 3.40282347e+38
  - maxDistance: 3.40282347e+38
    collisionSphereDistance: 3.40282347e+38
  - maxDistance: 3.40282347e+38
    collisionSphereDistance: 3.40282347e+38
  - maxDistance: 3.40282347e+38
    collisionSphereDistance: 3.40282347e+38
  - maxDistance: 3.40282347e+38
    collisionSphereDistance: 3.40282347e+38
  - maxDistance: 3.40282347e+38
    collisionSphereDistance: 3.40282347e+38
  - maxDistance: 3.40282347e+38
    collisionSphereDistance: 3.40282347e+38
  - maxDistance: 3.40282347e+38
    collisionSphereDistance: 3.40282347e+38
  - maxDistance: 3.40282347e+38
    collisionSphereDistance: 3.40282347e+38
  - maxDistance: 3.40282347e+38
    collisionSphereDistance: 3.40282347e+38
  - maxDistance: 3.40282347e+38
    collisionSphereDistance: 3.40282347e+38
  - maxDistance: 3.40282347e+38
    collisionSphereDistance: 3.40282347e+38
  - maxDistance: 3.40282347e+38
    collisionSphereDistance: 3.40282347e+38
  - maxDistance: 3.40282347e+38
    collisionSphereDistance: 3.40282347e+38
  - maxDistance: 3.40282347e+38
    collisionSphereDistance: 3.40282347e+38
  - maxDistance: 3.40282347e+38
    collisionSphereDistance: 3.40282347e+38
  - maxDistance: 3.40282347e+38
    collisionSphereDistance: 3.40282347e+38
  - maxDistance: 3.40282347e+38
    collisionSphereDistance: 3.40282347e+38
  - maxDistance: 3.40282347e+38
    collisionSphereDistance: 3.40282347e+38
  - maxDistance: 3.40282347e+38
    collisionSphereDistance: 3.40282347e+38
  - maxDistance: 3.40282347e+38
    collisionSphereDistance: 3.40282347e+38
  - maxDistance: 3.40282347e+38
    collisionSphereDistance: 3.40282347e+38
  - maxDistance: 3.40282347e+38
    collisionSphereDistance: 3.40282347e+38
  - maxDistance: 3.40282347e+38
    collisionSphereDistance: 3.40282347e+38
  - maxDistance: 3.40282347e+38
    collisionSphereDistance: 3.40282347e+38
  - maxDistance: 3.40282347e+38
    collisionSphereDistance: 3.40282347e+38
  - maxDistance: 3.40282347e+38
    collisionSphereDistance: 3.40282347e+38
  - maxDistance: 3.40282347e+38
    collisionSphereDistance: 3.40282347e+38
  - maxDistance: 3.40282347e+38
    collisionSphereDistance: 3.40282347e+38
  - maxDistance: 3.40282347e+38
    collisionSphereDistance: 3.40282347e+38
  - maxDistance: 3.40282347e+38
    collisionSphereDistance: 3.40282347e+38
  - maxDistance: 3.40282347e+38
    collisionSphereDistance: 3.40282347e+38
  - maxDistance: 3.40282347e+38
    collisionSphereDistance: 3.40282347e+38
  - maxDistance: 3.40282347e+38
    collisionSphereDistance: 3.40282347e+38
  - maxDistance: 3.40282347e+38
    collisionSphereDistance: 3.40282347e+38
  - maxDistance: 3.40282347e+38
    collisionSphereDistance: 3.40282347e+38
  - maxDistance: 3.40282347e+38
    collisionSphereDistance: 3.40282347e+38
  - maxDistance: 3.40282347e+38
    collisionSphereDistance: 3.40282347e+38
  - maxDistance: 3.40282347e+38
    collisionSphereDistance: 3.40282347e+38
  - maxDistance: 3.40282347e+38
    collisionSphereDistance: 3.40282347e+38
  - maxDistance: 3.40282347e+38
    collisionSphereDistance: 3.40282347e+38
  - maxDistance: 3.40282347e+38
    collisionSphereDistance: 3.40282347e+38
  - maxDistance: 3.40282347e+38
    collisionSphereDistance: 3.40282347e+38
  - maxDistance: 3.40282347e+38
    collisionSphereDistance: 3.40282347e+38
  - maxDistance: 3.40282347e+38
    collisionSphereDistance: 3.40282347e+38
  - maxDistance: 3.40282347e+38
    collisionSphereDistance: 3.40282347e+38
  - maxDistance: 3.40282347e+38
    collisionSphereDistance: 3.40282347e+38
  - maxDistance: 3.40282347e+38
    collisionSphereDistance: 3.40282347e+38
  - maxDistance: 3.40282347e+38
    collisionSphereDistance: 3.40282347e+38
  - maxDistance: 3.40282347e+38
    collisionSphereDistance: 3.40282347e+38
  - maxDistance: 3.40282347e+38
    collisionSphereDistance: 3.40282347e+38
  - maxDistance: 3.40282347e+38
    collisionSphereDistance: 3.40282347e+38
  - maxDistance: 3.40282347e+38
    collisionSphereDistance: 3.40282347e+38
  - maxDistance: 3.40282347e+38
    collisionSphereDistance: 3.40282347e+38
  - maxDistance: 3.40282347e+38
    collisionSphereDistance: 3.40282347e+38
  - maxDistance: 3.40282347e+38
    collisionSphereDistance: 3.40282347e+38
  - maxDistance: 3.40282347e+38
    collisionSphereDistance: 3.40282347e+38
  - maxDistance: 3.40282347e+38
    collisionSphereDistance: 3.40282347e+38
  - maxDistance: 3.40282347e+38
    collisionSphereDistance: 3.40282347e+38
  - maxDistance: 3.40282347e+38
    collisionSphereDistance: 3.40282347e+38
  - maxDistance: 3.40282347e+38
    collisionSphereDistance: 3.40282347e+38
  - maxDistance: 3.40282347e+38
    collisionSphereDistance: 3.40282347e+38
  - maxDistance: 3.40282347e+38
    collisionSphereDistance: 3.40282347e+38
  - maxDistance: 3.40282347e+38
    collisionSphereDistance: 3.40282347e+38
  - maxDistance: 3.40282347e+38
    collisionSphereDistance: 3.40282347e+38
  - maxDistance: 3.40282347e+38
    collisionSphereDistance: 3.40282347e+38
  - maxDistance: 3.40282347e+38
    collisionSphereDistance: 3.40282347e+38
  - maxDistance: 3.40282347e+38
    collisionSphereDistance: 3.40282347e+38
  - maxDistance: 3.40282347e+38
    collisionSphereDistance: 3.40282347e+38
  - maxDistance: 3.40282347e+38
    collisionSphereDistance: 3.40282347e+38
  - maxDistance: 3.40282347e+38
    collisionSphereDistance: 3.40282347e+38
  - maxDistance: 3.40282347e+38
    collisionSphereDistance: 3.40282347e+38
  - maxDistance: 3.40282347e+38
    collisionSphereDistance: 3.40282347e+38
  - maxDistance: 3.40282347e+38
    collisionSphereDistance: 3.40282347e+38
  - maxDistance: 3.40282347e+38
    collisionSphereDistance: 3.40282347e+38
  - maxDistance: 3.40282347e+38
    collisionSphereDistance: 3.40282347e+38
  - maxDistance: 3.40282347e+38
    collisionSphereDistance: 3.40282347e+38
  - maxDistance: 3.40282347e+38
    collisionSphereDistance: 3.40282347e+38
  - maxDistance: 3.40282347e+38
    collisionSphereDistance: 3.40282347e+38
  - maxDistance: 3.40282347e+38
    collisionSphereDistance: 3.40282347e+38
  - maxDistance: 3.40282347e+38
    collisionSphereDistance: 3.40282347e+38
  - maxDistance: 3.40282347e+38
    collisionSphereDistance: 3.40282347e+38
  - maxDistance: 3.40282347e+38
    collisionSphereDistance: 3.40282347e+38
  - maxDistance: 3.40282347e+38
    collisionSphereDistance: 3.40282347e+38
  - maxDistance: 3.40282347e+38
    collisionSphereDistance: 3.40282347e+38
  - maxDistance: 3.40282347e+38
    collisionSphereDistance: 3.40282347e+38
  - maxDistance: 3.40282347e+38
    collisionSphereDistance: 3.40282347e+38
  - maxDistance: 3.40282347e+38
    collisionSphereDistance: 3.40282347e+38
  - maxDistance: 3.40282347e+38
    collisionSphereDistance: 3.40282347e+38
  - maxDistance: 3.40282347e+38
    collisionSphereDistance: 3.40282347e+38
  - maxDistance: 3.40282347e+38
    collisionSphereDistance: 3.40282347e+38
  - maxDistance: 3.40282347e+38
    collisionSphereDistance: 3.40282347e+38
  - maxDistance: 3.40282347e+38
    collisionSphereDistance: 3.40282347e+38
  - maxDistance: 3.40282347e+38
    collisionSphereDistance: 3.40282347e+38
  - maxDistance: 3.40282347e+38
    collisionSphereDistance: 3.40282347e+38
  - maxDistance: 3.40282347e+38
    collisionSphereDistance: 3.40282347e+38
  - maxDistance: 3.40282347e+38
    collisionSphereDistance: 3.40282347e+38
  - maxDistance: 3.40282347e+38
    collisionSphereDistance: 3.40282347e+38
  - maxDistance: 3.40282347e+38
    collisionSphereDistance: 3.40282347e+38
  - maxDistance: 3.40282347e+38
    collisionSphereDistance: 3.40282347e+38
  - maxDistance: 3.40282347e+38
    collisionSphereDistance: 3.40282347e+38
  - maxDistance: 3.40282347e+38
    collisionSphereDistance: 3.40282347e+38
  - maxDistance: 3.40282347e+38
    collisionSphereDistance: 3.40282347e+38
  - maxDistance: 3.40282347e+38
    collisionSphereDistance: 3.40282347e+38
  - maxDistance: 3.40282347e+38
    collisionSphereDistance: 3.40282347e+38
  - maxDistance: 3.40282347e+38
    collisionSphereDistance: 3.40282347e+38
  - maxDistance: 3.40282347e+38
    collisionSphereDistance: 3.40282347e+38
  - maxDistance: 3.40282347e+38
    collisionSphereDistance: 3.40282347e+38
  - maxDistance: 3.40282347e+38
    collisionSphereDistance: 3.40282347e+38
  - maxDistance: 3.40282347e+38
    collisionSphereDistance: 3.40282347e+38
  - maxDistance: 3.40282347e+38
    collisionSphereDistance: 3.40282347e+38
  - maxDistance: 3.40282347e+38
    collisionSphereDistance: 3.40282347e+38
  - maxDistance: 3.40282347e+38
    collisionSphereDistance: 3.40282347e+38
  - maxDistance: 3.40282347e+38
    collisionSphereDistance: 3.40282347e+38
  - maxDistance: 3.40282347e+38
    collisionSphereDistance: 3.40282347e+38
  - maxDistance: 3.40282347e+38
    collisionSphereDistance: 3.40282347e+38
  - maxDistance: 3.40282347e+38
    collisionSphereDistance: 3.40282347e+38
  - maxDistance: 3.40282347e+38
    collisionSphereDistance: 3.40282347e+38
  - maxDistance: 3.40282347e+38
    collisionSphereDistance: 3.40282347e+38
  - maxDistance: 3.40282347e+38
    collisionSphereDistance: 3.40282347e+38
  - maxDistance: 3.40282347e+38
    collisionSphereDistance: 3.40282347e+38
  - maxDistance: 3.40282347e+38
    collisionSphereDistance: 3.40282347e+38
  - maxDistance: 3.40282347e+38
    collisionSphereDistance: 3.40282347e+38
  - maxDistance: 3.40282347e+38
    collisionSphereDistance: 3.40282347e+38
  - maxDistance: 3.40282347e+38
    collisionSphereDistance: 3.40282347e+38
  - maxDistance: 3.40282347e+38
    collisionSphereDistance: 3.40282347e+38
  - maxDistance: 3.40282347e+38
    collisionSphereDistance: 3.40282347e+38
  - maxDistance: 3.40282347e+38
    collisionSphereDistance: 3.40282347e+38
  - maxDistance: 3.40282347e+38
    collisionSphereDistance: 3.40282347e+38
  - maxDistance: 3.40282347e+38
    collisionSphereDistance: 3.40282347e+38
  - maxDistance: 3.40282347e+38
    collisionSphereDistance: 3.40282347e+38
  - maxDistance: 3.40282347e+38
    collisionSphereDistance: 3.40282347e+38
  - maxDistance: 3.40282347e+38
    collisionSphereDistance: 3.40282347e+38
  - maxDistance: 3.40282347e+38
    collisionSphereDistance: 3.40282347e+38
  - maxDistance: 3.40282347e+38
    collisionSphereDistance: 3.40282347e+38
  - maxDistance: 3.40282347e+38
    collisionSphereDistance: 3.40282347e+38
  - maxDistance: 3.40282347e+38
    collisionSphereDistance: 3.40282347e+38
  - maxDistance: 3.40282347e+38
    collisionSphereDistance: 3.40282347e+38
  - maxDistance: 3.40282347e+38
    collisionSphereDistance: 3.40282347e+38
  - maxDistance: 3.40282347e+38
    collisionSphereDistance: 3.40282347e+38
  - maxDistance: 3.40282347e+38
    collisionSphereDistance: 3.40282347e+38
  - maxDistance: 3.40282347e+38
    collisionSphereDistance: 3.40282347e+38
  - maxDistance: 3.40282347e+38
    collisionSphereDistance: 3.40282347e+38
  - maxDistance: 3.40282347e+38
    collisionSphereDistance: 3.40282347e+38
  - maxDistance: 3.40282347e+38
    collisionSphereDistance: 3.40282347e+38
  - maxDistance: 3.40282347e+38
    collisionSphereDistance: 3.40282347e+38
  - maxDistance: 3.40282347e+38
    collisionSphereDistance: 3.40282347e+38
  - maxDistance: 3.40282347e+38
    collisionSphereDistance: 3.40282347e+38
  - maxDistance: 3.40282347e+38
    collisionSphereDistance: 3.40282347e+38
  - maxDistance: 3.40282347e+38
    collisionSphereDistance: 3.40282347e+38
  - maxDistance: 3.40282347e+38
    collisionSphereDistance: 3.40282347e+38
  - maxDistance: 3.40282347e+38
    collisionSphereDistance: 3.40282347e+38
  - maxDistance: 3.40282347e+38
    collisionSphereDistance: 3.40282347e+38
  - maxDistance: 3.40282347e+38
    collisionSphereDistance: 3.40282347e+38
  - maxDistance: 3.40282347e+38
    collisionSphereDistance: 3.40282347e+38
  - maxDistance: 3.40282347e+38
    collisionSphereDistance: 3.40282347e+38
  - maxDistance: 3.40282347e+38
    collisionSphereDistance: 3.40282347e+38
  - maxDistance: 3.40282347e+38
    collisionSphereDistance: 3.40282347e+38
  - maxDistance: 3.40282347e+38
    collisionSphereDistance: 3.40282347e+38
  - maxDistance: 3.40282347e+38
    collisionSphereDistance: 3.40282347e+38
  - maxDistance: 3.40282347e+38
    collisionSphereDistance: 3.40282347e+38
  - maxDistance: 3.40282347e+38
    collisionSphereDistance: 3.40282347e+38
  - maxDistance: 3.40282347e+38
    collisionSphereDistance: 3.40282347e+38
  - maxDistance: 3.40282347e+38
    collisionSphereDistance: 3.40282347e+38
  - maxDistance: 3.40282347e+38
    collisionSphereDistance: 3.40282347e+38
  - maxDistance: 3.40282347e+38
    collisionSphereDistance: 3.40282347e+38
  - maxDistance: 3.40282347e+38
    collisionSphereDistance: 3.40282347e+38
  - maxDistance: 3.40282347e+38
    collisionSphereDistance: 3.40282347e+38
  - maxDistance: 3.40282347e+38
    collisionSphereDistance: 3.40282347e+38
  - maxDistance: 3.40282347e+38
    collisionSphereDistance: 3.40282347e+38
  - maxDistance: 3.40282347e+38
    collisionSphereDistance: 3.40282347e+38
  - maxDistance: 3.40282347e+38
    collisionSphereDistance: 3.40282347e+38
  - maxDistance: 3.40282347e+38
    collisionSphereDistance: 3.40282347e+38
  - maxDistance: 3.40282347e+38
    collisionSphereDistance: 3.40282347e+38
  - maxDistance: 3.40282347e+38
    collisionSphereDistance: 3.40282347e+38
  - maxDistance: 3.40282347e+38
    collisionSphereDistance: 3.40282347e+38
  - maxDistance: 3.40282347e+38
    collisionSphereDistance: 3.40282347e+38
  - maxDistance: 3.40282347e+38
    collisionSphereDistance: 3.40282347e+38
  - maxDistance: 3.40282347e+38
    collisionSphereDistance: 3.40282347e+38
  - maxDistance: 3.40282347e+38
    collisionSphereDistance: 3.40282347e+38
  - maxDistance: 3.40282347e+38
    collisionSphereDistance: 3.40282347e+38
  - maxDistance: 3.40282347e+38
    collisionSphereDistance: 3.40282347e+38
  - maxDistance: 3.40282347e+38
    collisionSphereDistance: 3.40282347e+38
  - maxDistance: 3.40282347e+38
    collisionSphereDistance: 3.40282347e+38
  - maxDistance: 3.40282347e+38
    collisionSphereDistance: 3.40282347e+38
  - maxDistance: 3.40282347e+38
    collisionSphereDistance: 3.40282347e+38
  - maxDistance: 3.40282347e+38
    collisionSphereDistance: 3.40282347e+38
  - maxDistance: 3.40282347e+38
    collisionSphereDistance: 3.40282347e+38
  - maxDistance: 3.40282347e+38
    collisionSphereDistance: 3.40282347e+38
  - maxDistance: 3.40282347e+38
    collisionSphereDistance: 3.40282347e+38
  - maxDistance: 3.40282347e+38
    collisionSphereDistance: 3.40282347e+38
  - maxDistance: 3.40282347e+38
    collisionSphereDistance: 3.40282347e+38
  - maxDistance: 3.40282347e+38
    collisionSphereDistance: 3.40282347e+38
  - maxDistance: 3.40282347e+38
    collisionSphereDistance: 3.40282347e+38
  - maxDistance: 3.40282347e+38
    collisionSphereDistance: 3.40282347e+38
  - maxDistance: 3.40282347e+38
    collisionSphereDistance: 3.40282347e+38
  - maxDistance: 3.40282347e+38
    collisionSphereDistance: 3.40282347e+38
  - maxDistance: 3.40282347e+38
    collisionSphereDistance: 3.40282347e+38
  - maxDistance: 3.40282347e+38
    collisionSphereDistance: 3.40282347e+38
  - maxDistance: 3.40282347e+38
    collisionSphereDistance: 3.40282347e+38
  - maxDistance: 3.40282347e+38
    collisionSphereDistance: 3.40282347e+38
  - maxDistance: 3.40282347e+38
    collisionSphereDistance: 3.40282347e+38
  - maxDistance: 3.40282347e+38
    collisionSphereDistance: 3.40282347e+38
  - maxDistance: 3.40282347e+38
    collisionSphereDistance: 3.40282347e+38
  - maxDistance: 3.40282347e+38
    collisionSphereDistance: 3.40282347e+38
  - maxDistance: 3.40282347e+38
    collisionSphereDistance: 3.40282347e+38
  - maxDistance: 3.40282347e+38
    collisionSphereDistance: 3.40282347e+38
  - maxDistance: 3.40282347e+38
    collisionSphereDistance: 3.40282347e+38
  - maxDistance: 3.40282347e+38
    collisionSphereDistance: 3.40282347e+38
  - maxDistance: 3.40282347e+38
    collisionSphereDistance: 3.40282347e+38
  - maxDistance: 3.40282347e+38
    collisionSphereDistance: 3.40282347e+38
  - maxDistance: 3.40282347e+38
    collisionSphereDistance: 3.40282347e+38
  - maxDistance: 3.40282347e+38
    collisionSphereDistance: 3.40282347e+38
  - maxDistance: 3.40282347e+38
    collisionSphereDistance: 3.40282347e+38
  m_CapsuleColliders:
  - {fileID: 0}
  - {fileID: 0}
  - {fileID: 0}
  - {fileID: 0}
  m_SphereColliders: []
--- !u!1001 &100100000
Prefab:
  m_ObjectHideFlags: 1
  serializedVersion: 2
  m_Modification:
    m_TransformParent: {fileID: 0}
    m_Modifications: []
    m_RemovedComponents: []
  m_ParentPrefab: {fileID: 0}
  m_RootGameObject: {fileID: 136860}
  m_IsPrefabParent: 1
