%YAML 1.1
%TAG !u! tag:unity3d.com,2011:
--- !u!1 &102280
GameObject:
  m_ObjectHideFlags: 0
  m_PrefabParentObject: {fileID: 0}
  m_PrefabInternal: {fileID: 100100000}
  serializedVersion: 4
  m_Component:
  - 4: {fileID: 478500}
  - 33: {fileID: 3315964}
  - 114: {fileID: 11493368}
  - 23: {fileID: 2359372}
  m_Layer: 0
  m_Name: VolumetricLinePrefab 34
  m_TagString: Untagged
  m_Icon: {fileID: 0}
  m_NavMeshLayer: 0
  m_StaticEditorFlags: 0
  m_IsActive: 1
--- !u!1 &103280
GameObject:
  m_ObjectHideFlags: 0
  m_PrefabParentObject: {fileID: 0}
  m_PrefabInternal: {fileID: 100100000}
  serializedVersion: 4
  m_Component:
  - 4: {fileID: 404174}
  - 33: {fileID: 3310004}
  - 114: {fileID: 11407164}
  - 23: {fileID: 2335558}
  m_Layer: 0
  m_Name: VolumetricLinePrefab 32
  m_TagString: Untagged
  m_Icon: {fileID: 0}
  m_NavMeshLayer: 0
  m_StaticEditorFlags: 0
  m_IsActive: 1
--- !u!1 &114672
GameObject:
  m_ObjectHideFlags: 0
  m_PrefabParentObject: {fileID: 0}
  m_PrefabInternal: {fileID: 100100000}
  serializedVersion: 4
  m_Component:
  - 4: {fileID: 420656}
  - 33: {fileID: 3382774}
  - 114: {fileID: 11482288}
  - 23: {fileID: 2303300}
  m_Layer: 0
  m_Name: VolumetricLinePrefab 35
  m_TagString: Untagged
  m_Icon: {fileID: 0}
  m_NavMeshLayer: 0
  m_StaticEditorFlags: 0
  m_IsActive: 1
--- !u!1 &124106
GameObject:
  m_ObjectHideFlags: 0
  m_PrefabParentObject: {fileID: 0}
  m_PrefabInternal: {fileID: 100100000}
  serializedVersion: 4
  m_Component:
  - 4: {fileID: 484102}
  - 33: {fileID: 3312504}
  - 114: {fileID: 11417606}
  - 23: {fileID: 2307868}
  m_Layer: 0
  m_Name: VolumetricLinePrefab 33
  m_TagString: Untagged
  m_Icon: {fileID: 0}
  m_NavMeshLayer: 0
  m_StaticEditorFlags: 0
  m_IsActive: 1
--- !u!1 &132222
GameObject:
  m_ObjectHideFlags: 0
  m_PrefabParentObject: {fileID: 0}
  m_PrefabInternal: {fileID: 100100000}
  serializedVersion: 4
  m_Component:
  - 4: {fileID: 489208}
  - 33: {fileID: 3394180}
  - 114: {fileID: 11470008}
  - 23: {fileID: 2367708}
  m_Layer: 0
  m_Name: VolumetricLinePrefab 36
  m_TagString: Untagged
  m_Icon: {fileID: 0}
  m_NavMeshLayer: 0
  m_StaticEditorFlags: 0
  m_IsActive: 1
--- !u!1 &147206
GameObject:
  m_ObjectHideFlags: 0
  m_PrefabParentObject: {fileID: 0}
  m_PrefabInternal: {fileID: 100100000}
  serializedVersion: 4
  m_Component:
  - 4: {fileID: 442530}
  m_Layer: 0
  m_Name: LED BODY
  m_TagString: Untagged
  m_Icon: {fileID: 0}
  m_NavMeshLayer: 0
  m_StaticEditorFlags: 0
  m_IsActive: 1
--- !u!4 &404174
Transform:
  m_ObjectHideFlags: 1
  m_PrefabParentObject: {fileID: 0}
  m_PrefabInternal: {fileID: 100100000}
  m_GameObject: {fileID: 103280}
  m_LocalRotation: {x: -.569036186, y: -.362830937, z: -.637255132, w: -.372098893}
  m_LocalPosition: {x: -.00208400376, y: .00166900037, z: -.00619500037}
  m_LocalScale: {x: .00357142952, y: .00357142859, z: .00357142836}
  m_Children: []
  m_Father: {fileID: 442530}
  m_RootOrder: 0
--- !u!4 &420656
Transform:
  m_ObjectHideFlags: 1
  m_PrefabParentObject: {fileID: 0}
  m_PrefabInternal: {fileID: 100100000}
  m_GameObject: {fileID: 114672}
  m_LocalRotation: {x: -.635200202, y: -.372959286, z: -.567673683, w: -.367653131}
  m_LocalPosition: {x: .00120799826, y: .00170400017, z: -.00612699986}
  m_LocalScale: {x: .00357143232, y: .00357143232, z: .00357143069}
  m_Children: []
  m_Father: {fileID: 442530}
  m_RootOrder: 3
--- !u!4 &442530
Transform:
  m_ObjectHideFlags: 1
  m_PrefabParentObject: {fileID: 0}
  m_PrefabInternal: {fileID: 100100000}
  m_GameObject: {fileID: 147206}
  m_LocalRotation: {x: 0, y: 0, z: 0, w: 1}
  m_LocalPosition: {x: 0, y: 0, z: 0}
  m_LocalScale: {x: 1, y: 1, z: 1}
  m_Children:
  - {fileID: 404174}
  - {fileID: 484102}
  - {fileID: 478500}
  - {fileID: 420656}
  - {fileID: 489208}
  m_Father: {fileID: 0}
  m_RootOrder: 0
--- !u!4 &478500
Transform:
  m_ObjectHideFlags: 1
  m_PrefabParentObject: {fileID: 0}
  m_PrefabInternal: {fileID: 100100000}
  m_GameObject: {fileID: 102280}
  m_LocalRotation: {x: -.108512446, y: .0340709873, z: -.792192459, w: -.599579275}
  m_LocalPosition: {x: .00247099577, y: .0004989999, z: -.00152400276}
  m_LocalScale: {x: .00357143464, y: .00357143464, z: .00357142952}
  m_Children: []
  m_Father: {fileID: 442530}
  m_RootOrder: 2
--- !u!4 &484102
Transform:
  m_ObjectHideFlags: 1
  m_PrefabParentObject: {fileID: 0}
  m_PrefabInternal: {fileID: 100100000}
  m_GameObject: {fileID: 124106}
  m_LocalRotation: {x: -.00322269415, y: .112468831, z: -.801583827, w: -.587199926}
  m_LocalPosition: {x: -.0024919936, y: .000503999938, z: -.00150299992}
  m_LocalScale: {x: .00357143255, y: .00357143162, z: .00357142952}
  m_Children: []
  m_Father: {fileID: 442530}
  m_RootOrder: 1
--- !u!4 &489208
Transform:
  m_ObjectHideFlags: 1
  m_PrefabParentObject: {fileID: 0}
  m_PrefabInternal: {fileID: 100100000}
  m_GameObject: {fileID: 132222}
  m_LocalRotation: {x: .602252662, y: .36639443, z: .605933845, w: .368633956}
  m_LocalPosition: {x: -.000950005138, y: .000960000092, z: -.00772800203}
  m_LocalScale: {x: .00357143162, y: .00357143092, z: .00357142929}
  m_Children: []
  m_Father: {fileID: 442530}
  m_RootOrder: 4
--- !u!23 &2303300
MeshRenderer:
  m_ObjectHideFlags: 1
  m_PrefabParentObject: {fileID: 0}
  m_PrefabInternal: {fileID: 100100000}
  m_GameObject: {fileID: 114672}
  m_Enabled: 1
  m_CastShadows: 0
  m_ReceiveShadows: 0
  m_Materials:
  - {fileID: 2100000, guid: ca6bf36e0337a0546a5a7283f71dd69f, type: 2}
  m_SubsetIndices: 
  m_StaticBatchRoot: {fileID: 0}
  m_UseLightProbes: 0
  m_ReflectionProbeUsage: 1
  m_ProbeAnchor: {fileID: 0}
  m_ScaleInLightmap: 1
  m_PreserveUVs: 0
  m_ImportantGI: 0
  m_AutoUVMaxDistance: .5
  m_AutoUVMaxAngle: 89
  m_LightmapParameters: {fileID: 0}
  m_SortingLayerID: 0
  m_SortingOrder: 0
--- !u!23 &2307868
MeshRenderer:
  m_ObjectHideFlags: 1
  m_PrefabParentObject: {fileID: 0}
  m_PrefabInternal: {fileID: 100100000}
  m_GameObject: {fileID: 124106}
  m_Enabled: 1
  m_CastShadows: 0
  m_ReceiveShadows: 0
  m_Materials:
  - {fileID: 2100000, guid: ca6bf36e0337a0546a5a7283f71dd69f, type: 2}
  m_SubsetIndices: 
  m_StaticBatchRoot: {fileID: 0}
  m_UseLightProbes: 0
  m_ReflectionProbeUsage: 1
  m_ProbeAnchor: {fileID: 0}
  m_ScaleInLightmap: 1
  m_PreserveUVs: 0
  m_ImportantGI: 0
  m_AutoUVMaxDistance: .5
  m_AutoUVMaxAngle: 89
  m_LightmapParameters: {fileID: 0}
  m_SortingLayerID: 0
  m_SortingOrder: 0
--- !u!23 &2335558
MeshRenderer:
  m_ObjectHideFlags: 1
  m_PrefabParentObject: {fileID: 0}
  m_PrefabInternal: {fileID: 100100000}
  m_GameObject: {fileID: 103280}
  m_Enabled: 1
  m_CastShadows: 0
  m_ReceiveShadows: 0
  m_Materials:
  - {fileID: 2100000, guid: ca6bf36e0337a0546a5a7283f71dd69f, type: 2}
  m_SubsetIndices: 
  m_StaticBatchRoot: {fileID: 0}
  m_UseLightProbes: 0
  m_ReflectionProbeUsage: 1
  m_ProbeAnchor: {fileID: 0}
  m_ScaleInLightmap: 1
  m_PreserveUVs: 0
  m_ImportantGI: 0
  m_AutoUVMaxDistance: .5
  m_AutoUVMaxAngle: 89
  m_LightmapParameters: {fileID: 0}
  m_SortingLayerID: 0
  m_SortingOrder: 0
--- !u!23 &2359372
MeshRenderer:
  m_ObjectHideFlags: 1
  m_PrefabParentObject: {fileID: 0}
  m_PrefabInternal: {fileID: 100100000}
  m_GameObject: {fileID: 102280}
  m_Enabled: 1
  m_CastShadows: 0
  m_ReceiveShadows: 0
  m_Materials:
  - {fileID: 2100000, guid: ca6bf36e0337a0546a5a7283f71dd69f, type: 2}
  m_SubsetIndices: 
  m_StaticBatchRoot: {fileID: 0}
  m_UseLightProbes: 0
  m_ReflectionProbeUsage: 1
  m_ProbeAnchor: {fileID: 0}
  m_ScaleInLightmap: 1
  m_PreserveUVs: 0
  m_ImportantGI: 0
  m_AutoUVMaxDistance: .5
  m_AutoUVMaxAngle: 89
  m_LightmapParameters: {fileID: 0}
  m_SortingLayerID: 0
  m_SortingOrder: 0
--- !u!23 &2367708
MeshRenderer:
  m_ObjectHideFlags: 1
  m_PrefabParentObject: {fileID: 0}
  m_PrefabInternal: {fileID: 100100000}
  m_GameObject: {fileID: 132222}
  m_Enabled: 1
  m_CastShadows: 0
  m_ReceiveShadows: 0
  m_Materials:
  - {fileID: 2100000, guid: ca6bf36e0337a0546a5a7283f71dd69f, type: 2}
  m_SubsetIndices: 
  m_StaticBatchRoot: {fileID: 0}
  m_UseLightProbes: 0
  m_ReflectionProbeUsage: 1
  m_ProbeAnchor: {fileID: 0}
  m_ScaleInLightmap: 1
  m_PreserveUVs: 0
  m_ImportantGI: 0
  m_AutoUVMaxDistance: .5
  m_AutoUVMaxAngle: 89
  m_LightmapParameters: {fileID: 0}
  m_SortingLayerID: 0
  m_SortingOrder: 0
--- !u!33 &3310004
MeshFilter:
  m_ObjectHideFlags: 1
  m_PrefabParentObject: {fileID: 0}
  m_PrefabInternal: {fileID: 100100000}
  m_GameObject: {fileID: 103280}
  m_Mesh: {fileID: 0}
--- !u!33 &3312504
MeshFilter:
  m_ObjectHideFlags: 1
  m_PrefabParentObject: {fileID: 0}
  m_PrefabInternal: {fileID: 100100000}
  m_GameObject: {fileID: 124106}
  m_Mesh: {fileID: 0}
--- !u!33 &3315964
MeshFilter:
  m_ObjectHideFlags: 1
  m_PrefabParentObject: {fileID: 0}
  m_PrefabInternal: {fileID: 100100000}
  m_GameObject: {fileID: 102280}
  m_Mesh: {fileID: 0}
--- !u!33 &3382774
MeshFilter:
  m_ObjectHideFlags: 1
  m_PrefabParentObject: {fileID: 0}
  m_PrefabInternal: {fileID: 100100000}
  m_GameObject: {fileID: 114672}
  m_Mesh: {fileID: 0}
--- !u!33 &3394180
MeshFilter:
  m_ObjectHideFlags: 1
  m_PrefabParentObject: {fileID: 0}
  m_PrefabInternal: {fileID: 100100000}
  m_GameObject: {fileID: 132222}
  m_Mesh: {fileID: 0}
--- !u!114 &11407164
MonoBehaviour:
  m_ObjectHideFlags: 1
  m_PrefabParentObject: {fileID: 0}
  m_PrefabInternal: {fileID: 100100000}
  m_GameObject: {fileID: 103280}
  m_Enabled: 1
  m_EditorHideFlags: 0
  m_Script: {fileID: 11500000, guid: 0884dceb0d4308c4eb8bc763c8f8deae, type: 3}
  m_Name: 
  m_EditorClassIdentifier: 
  m_startPos: {x: 0, y: 0, z: 0}
  m_endPos: {x: 0, y: 0, z: .25}
  m_setLinePropertiesAtStart: 0
  m_lineColor: {r: .691176474, g: .691176474, b: .691176474, a: 1}
  m_lineWidth: 0
--- !u!114 &11417606
MonoBehaviour:
  m_ObjectHideFlags: 1
  m_PrefabParentObject: {fileID: 0}
  m_PrefabInternal: {fileID: 100100000}
  m_GameObject: {fileID: 124106}
  m_Enabled: 1
  m_EditorHideFlags: 0
  m_Script: {fileID: 11500000, guid: 0884dceb0d4308c4eb8bc763c8f8deae, type: 3}
  m_Name: 
  m_EditorClassIdentifier: 
  m_startPos: {x: 0, y: 0, z: 0}
  m_endPos: {x: 0, y: 0, z: .879999995}
  m_setLinePropertiesAtStart: 0
  m_lineColor: {r: .691176474, g: .691176474, b: .691176474, a: 1}
  m_lineWidth: 0
--- !u!114 &11470008
MonoBehaviour:
  m_ObjectHideFlags: 1
  m_PrefabParentObject: {fileID: 0}
  m_PrefabInternal: {fileID: 100100000}
  m_GameObject: {fileID: 132222}
  m_Enabled: 1
  m_EditorHideFlags: 0
  m_Script: {fileID: 11500000, guid: 0884dceb0d4308c4eb8bc763c8f8deae, type: 3}
  m_Name: 
  m_EditorClassIdentifier: 
  m_startPos: {x: 0, y: 0, z: 0}
  m_endPos: {x: 0, y: 0, z: .529999971}
  m_setLinePropertiesAtStart: 0
  m_lineColor: {r: .691176474, g: .691176474, b: .691176474, a: 1}
  m_lineWidth: 0
--- !u!114 &11482288
MonoBehaviour:
  m_ObjectHideFlags: 1
  m_PrefabParentObject: {fileID: 0}
  m_PrefabInternal: {fileID: 100100000}
  m_GameObject: {fileID: 114672}
  m_Enabled: 1
  m_EditorHideFlags: 0
  m_Script: {fileID: 11500000, guid: 0884dceb0d4308c4eb8bc763c8f8deae, type: 3}
  m_Name: 
  m_EditorClassIdentifier: 
  m_startPos: {x: 0, y: 0, z: 0}
  m_endPos: {x: 0, y: 0, z: .25}
  m_setLinePropertiesAtStart: 0
  m_lineColor: {r: .691176474, g: .691176474, b: .691176474, a: 1}
  m_lineWidth: 0
--- !u!114 &11493368
MonoBehaviour:
  m_ObjectHideFlags: 1
  m_PrefabParentObject: {fileID: 0}
  m_PrefabInternal: {fileID: 100100000}
  m_GameObject: {fileID: 102280}
  m_Enabled: 1
  m_EditorHideFlags: 0
  m_Script: {fileID: 11500000, guid: 0884dceb0d4308c4eb8bc763c8f8deae, type: 3}
  m_Name: 
  m_EditorClassIdentifier: 
  m_startPos: {x: 0, y: 0, z: 0}
  m_endPos: {x: 0, y: 0, z: .879999995}
  m_setLinePropertiesAtStart: 0
  m_lineColor: {r: .691176474, g: .691176474, b: .691176474, a: 1}
  m_lineWidth: 0
--- !u!1001 &100100000
Prefab:
  m_ObjectHideFlags: 1
  serializedVersion: 2
  m_Modification:
    m_TransformParent: {fileID: 0}
    m_Modifications: []
    m_RemovedComponents: []
  m_ParentPrefab: {fileID: 0}
  m_RootGameObject: {fileID: 147206}
  m_IsPrefabParent: 1
